%% This BibTeX bibliography file was created using BibDesk.
%% http://bibdesk.sourceforge.net/


%% Created for Tara Parkin at 2013-09-20 15:37:37 -0400 


%% Saved with string encoding Unicode (UTF-8) 



@article{Schirm_2013_submitted,
	Author = {{Schirm}, M.~R.~P. and {Wilson}, C.~D. and {Parkin}, T.~J. and {Kamenetzky}, J. and {Glenn}, J. and {Rangwala}, N. and {Spinoglio}, L. and {Pereira-Santaella}, M. and {Baes}, M. and {Barlow}, M.~J. and {Clements}, D.~L. and {Cooray}, A. and {De Looze}, I. and {Madden}, S.~C. and {Remy}, A. and {Wu}, R.},
	Date-Added = {2013-09-20 19:31:09 +0000},
	Date-Modified = {2013-09-20 19:37:37 +0000},
	Journal = {\apj},
	Title = {{Herschel SPIRE-FTS Observations of Excited CO and [CI] in the Antennae (NGC 4038/39): Warm and Cold Molecular Gas}},
	Volume = {submitted},
	Year = {2013}}

@article{2013arXiv1304.1801S,
	Adsnote = {Provided by the SAO/NASA Astrophysics Data System},
	Adsurl = {http://adsabs.harvard.edu/abs/2013arXiv1304.1801S},
	Archiveprefix = {arXiv},
	Author = {{Schinnerer}, E. and {Meidt}, S.~E. and {Pety}, J. and {Hughes}, A. and {Colombo}, D. and {Garcia-Burillo}, S. and {Schuster}, K.~F. and {Dumas}, G. and {Dobbs}, C.~L. and {Leroy}, A.~K. and {Kramer}, C. and {Thompson}, T.~A. and {Regan}, M.~W.},
	Date-Added = {2013-08-12 21:40:10 +0000},
	Date-Modified = {2013-08-12 21:40:10 +0000},
	Eprint = {1304.1801},
	Journal = {ArXiv e-prints},
	Keywords = {Astrophysics - Cosmology and Extragalactic Astrophysics, Astrophysics - Galaxy Astrophysics},
	Month = apr,
	Primaryclass = {astro-ph.CO},
	Title = {{The PdBI Arcsecond Whirlpool Survey (PAWS). I. A Cloud-Scale/Multi-Wavelength View of the Interstellar Medium in a Grand-Design Spiral Galaxy}},
	Year = 2013}

@article{2013A&A...553A.114K,
	Adsnote = {Provided by the SAO/NASA Astrophysics Data System},
	Adsurl = {http://adsabs.harvard.edu/abs/2013A%26A...553A.114K},
	Archiveprefix = {arXiv},
	Author = {{Kramer}, C. and {Abreu-Vicente}, J. and {Garc{\'{\i}}a-Burillo}, S. and {Rela{\~n}o}, M. and {Aalto}, S. and {Boquien}, M. and {Braine}, J. and {Buchbender}, C. and {Gratier}, P. and {Israel}, F.~P. and {Nikola}, T. and {R{\"o}llig}, M. and {Verley}, S. and {van der Werf}, P. and {Xilouris}, E.~M.},
	Date-Added = {2013-07-26 20:16:16 +0000},
	Date-Modified = {2013-07-26 20:16:16 +0000},
	Doi = {10.1051/0004-6361/201220683},
	Eid = {A114},
	Eprint = {1304.0199},
	Journal = {\aap},
	Keywords = {galaxies: ISM, photon-dominated region (PDR), ISM: structure, evolution},
	Month = may,
	Pages = {A114},
	Primaryclass = {astro-ph.GA},
	Title = {{Gas and dust cooling along the major axis of M 33 (HerM33es). ISO/LWS [C ii] observations}},
	Volume = 553,
	Year = 2013,
	Bdsk-Url-1 = {http://dx.doi.org/10.1051/0004-6361/201220683}}

@article{2007A&A...467..187R,
	Adsnote = {Provided by the SAO/NASA Astrophysics Data System},
	Adsurl = {http://adsabs.harvard.edu/abs/2007A%26A...467..187R},
	Author = {{R{\"o}llig}, M. and {Abel}, N.~P. and {Bell}, T. and {Bensch}, F. and {Black}, J. and {Ferland}, G.~J. and {Jonkheid}, B. and {Kamp}, I. and {Kaufman}, M.~J. and {Le Bourlot}, J. and {Le Petit}, F. and {Meijerink}, R. and {Morata}, O. and {Ossenkopf}, V. and {Roueff}, E. and {Shaw}, G. and {Spaans}, M. and {Sternberg}, A. and {Stutzki}, J. and {Thi}, W.-F. and {van Dishoeck}, E.~F. and {van Hoof}, P.~A.~M. and {Viti}, S. and {Wolfire}, M.~G.},
	Date-Added = {2013-07-25 01:14:54 +0000},
	Date-Modified = {2013-07-25 01:14:54 +0000},
	Doi = {10.1051/0004-6361:20065918},
	Eprint = {arXiv:astro-ph/0702231},
	Journal = {\aap},
	Keywords = {ISM: abundances, astrochemistry, ISM: clouds, ISM: general, radiative transfer, methods: numerical},
	Month = may,
	Pages = {187-206},
	Title = {{A photon dominated region code comparison study}},
	Volume = 467,
	Year = 2007,
	Bdsk-Url-1 = {http://dx.doi.org/10.1051/0004-6361:20065918}}

@article{2007ApJ...656..770S,
	Adsnote = {Provided by the SAO/NASA Astrophysics Data System},
	Adsurl = {http://adsabs.harvard.edu/abs/2007ApJ...656..770S},
	Author = {{Smith}, J.~D.~T. and {Draine}, B.~T. and {Dale}, D.~A. and {Moustakas}, J. and {Kennicutt}, Jr., R.~C. and {Helou}, G. and {Armus}, L. and {Roussel}, H. and {Sheth}, K. and {Bendo}, G.~J. and {Buckalew}, B.~A. and {Calzetti}, D. and {Engelbracht}, C.~W. and {Gordon}, K.~D. and {Hollenbach}, D.~J. and {Li}, A. and {Malhotra}, S. and {Murphy}, E.~J. and {Walter}, F.},
	Date-Added = {2013-03-29 16:33:17 +0000},
	Date-Modified = {2013-03-29 16:33:17 +0000},
	Doi = {10.1086/510549},
	Eprint = {arXiv:astro-ph/0610913},
	Journal = {\apj},
	Keywords = {Galaxies: Active, Galaxies: ISM, Infrared: Galaxies, Techniques: Spectroscopic},
	Month = feb,
	Pages = {770-791},
	Title = {{The Mid-Infrared Spectrum of Star-forming Galaxies: Global Properties of Polycyclic Aromatic Hydrocarbon Emission}},
	Volume = 656,
	Year = 2007,
	Bdsk-Url-1 = {http://dx.doi.org/10.1086/510549}}

@article{2010ApJ...715..506M,
	Adsnote = {Provided by the SAO/NASA Astrophysics Data System},
	Adsurl = {http://adsabs.harvard.edu/abs/2010ApJ...715..506M},
	Archiveprefix = {arXiv},
	Author = {{Marble}, A.~R. and {Engelbracht}, C.~W. and {van Zee}, L. and {Dale}, D.~A. and {Smith}, J.~D.~T. and {Gordon}, K.~D. and {Wu}, Y. and {Lee}, J.~C. and {Kennicutt}, R.~C. and {Skillman}, E.~D. and {Johnson}, L.~C. and {Block}, M. and {Calzetti}, D. and {Cohen}, S.~A. and {Lee}, H. and {Schuster}, M.~D.},
	Date-Added = {2013-03-29 15:54:18 +0000},
	Date-Modified = {2013-03-29 15:54:18 +0000},
	Doi = {10.1088/0004-637X/715/1/506},
	Eprint = {1004.1441},
	Journal = {\apj},
	Keywords = {galaxies: ISM, infrared: galaxies, surveys, techniques: photometric},
	Month = may,
	Pages = {506-540},
	Primaryclass = {astro-ph.CO},
	Title = {{An Aromatic Inventory of the Local Volume}},
	Volume = 715,
	Year = 2010,
	Bdsk-Url-1 = {http://dx.doi.org/10.1088/0004-637X/715/1/506}}

@article{2012A&A...548A..20C,
	Adsnote = {Provided by the SAO/NASA Astrophysics Data System},
	Adsurl = {http://adsabs.harvard.edu/abs/2012A%26A...548A..20C},
	Archiveprefix = {arXiv},
	Author = {{Cormier}, D. and {Lebouteiller}, V. and {Madden}, S.~C. and {Abel}, N. and {Hony}, S. and {Galliano}, F. and {Baes}, M. and {Barlow}, M.~J. and {Cooray}, A. and {De Looze}, I. and {Galametz}, M. and {Karczewski}, O.~{\L}. and {Parkin}, T.~J. and {R{\'e}my}, A. and {Sauvage}, M. and {Spinoglio}, L. and {Wilson}, C.~D. and {Wu}, R.},
	Date-Added = {2013-02-28 01:08:14 +0000},
	Date-Modified = {2013-02-28 01:08:14 +0000},
	Doi = {10.1051/0004-6361/201219818},
	Eid = {A20},
	Eprint = {1209.0804},
	Journal = {\aap},
	Keywords = {galaxies: ISM, galaxies: individual: Haro11, ISM: lines and bands, ISM: structure, techniques: spectroscopic, radiative transfer},
	Month = dec,
	Pages = {A20},
	Primaryclass = {astro-ph.GA},
	Title = {{The nature of the interstellar medium of the starburst low-metallicity galaxy Haro 11: a multi-phase model of the infrared emission}},
	Volume = 548,
	Year = 2012,
	Bdsk-Url-1 = {http://dx.doi.org/10.1051/0004-6361/201219818}}

@article{2008A&A...479..703G,
	Adsnote = {Provided by the SAO/NASA Astrophysics Data System},
	Adsurl = {http://adsabs.harvard.edu/abs/2008A%26A...479..703G},
	Archiveprefix = {arXiv},
	Author = {{Graci{\'a}-Carpio}, J. and {Garc{\'{\i}}a-Burillo}, S. and {Planesas}, P. and {Fuente}, A. and {Usero}, A.},
	Date-Added = {2013-02-15 06:38:46 +0000},
	Date-Modified = {2013-02-15 06:38:46 +0000},
	Doi = {10.1051/0004-6361:20078223},
	Eprint = {0712.0582},
	Journal = {\aap},
	Keywords = {galaxies: evolution, galaxies: ISM, galaxies: starburst, infrared: galaxies, ISM: molecules, radio lines: galaxies},
	Month = mar,
	Pages = {703-717},
	Title = {{Evidence of enhanced star formation efficiency in luminous and ultraluminous infrared galaxies}},
	Volume = 479,
	Year = 2008,
	Bdsk-Url-1 = {http://dx.doi.org/10.1051/0004-6361:20078223}}

@article{2011A&A...532A.152M,
	Adsnote = {Provided by the SAO/NASA Astrophysics Data System},
	Adsurl = {http://adsabs.harvard.edu/abs/2011A%26A...532A.152M},
	Archiveprefix = {arXiv},
	Author = {{Mookerjea}, B. and {Kramer}, C. and {Buchbender}, C. and {Boquien}, M. and {Verley}, S. and {Rela{\~n}o}, M. and {Quintana-Lacaci}, G. and {Aalto}, S. and {Braine}, J. and {Calzetti}, D. and {Combes}, F. and {Garcia-Burillo}, S. and {Gratier}, P. and {Henkel}, C. and {Israel}, F. and {Lord}, S. and {Nikola}, T. and {R{\"o}llig}, M. and {Stacey}, G. and {Tabatabaei}, F.~S. and {van der Tak}, F. and {van der Werf}, P.},
	Date-Added = {2013-02-14 21:13:43 +0000},
	Date-Modified = {2013-02-14 21:14:18 +0000},
	Doi = {10.1051/0004-6361/201116447},
	Eid = {A152},
	Eprint = {1106.5464},
	Journal = {\aap},
	Keywords = {galaxies: individual: M 33, photon-dominated region (PDR), HII regions, Local Group, galaxies: ISM, galaxies: star formation},
	Month = aug,
	Pages = {A152},
	Primaryclass = {astro-ph.GA},
	Title = {{The Herschel M 33 extended survey (HerM33es): PACS spectroscopy of the star-forming region BCLMP 302}},
	Volume = 532,
	Year = 2011,
	Bdsk-Url-1 = {http://dx.doi.org/10.1051/0004-6361/201116447}}

@article{2007ApJ...662.1024A,
	Adsnote = {Provided by the SAO/NASA Astrophysics Data System},
	Adsurl = {http://adsabs.harvard.edu/abs/2007ApJ...662.1024A},
	Author = {{Abel}, N.~P. and {Sarma}, A.~P. and {Troland}, T.~H. and {Ferland}, G.~J.},
	Date-Added = {2013-02-13 20:21:30 +0000},
	Date-Modified = {2013-02-13 20:21:30 +0000},
	Doi = {10.1086/517987},
	Eprint = {arXiv:astro-ph/0702266},
	Journal = {\apj},
	Keywords = {ISM: Dust, Extinction, Infrared: General, Line: Formation, Radiative Transfer},
	Month = jun,
	Pages = {1024-1032},
	Title = {{Optically Thick [O I] and [C II] Emission toward NGC 6334A}},
	Volume = 662,
	Year = 2007,
	Bdsk-Url-1 = {http://dx.doi.org/10.1086/517987}}

@article{1996ApJ...460..914V,
	Adsnote = {Provided by the SAO/NASA Astrophysics Data System},
	Adsurl = {http://adsabs.harvard.edu/abs/1996ApJ...460..914V},
	Author = {{Vacca}, W.~D. and {Garmany}, C.~D. and {Shull}, J.~M.},
	Date-Added = {2013-02-13 04:21:50 +0000},
	Date-Modified = {2013-02-13 04:21:50 +0000},
	Doi = {10.1086/177020},
	Journal = {\apj},
	Keywords = {STARS: ATMOSPHERES, STARS: EARLY-TYPE, STARS: FUNDAMENTAL PARAMETERS, ULTRAVIOLET: STARS},
	Month = apr,
	Pages = {914},
	Title = {{The Lyman-Continuum Fluxes and Stellar Parameters of O and Early B-Type Stars}},
	Volume = 460,
	Year = 1996,
	Bdsk-Url-1 = {http://dx.doi.org/10.1086/177020}}

@article{2009ApJ...701.1147A,
	Adsnote = {Provided by the SAO/NASA Astrophysics Data System},
	Adsurl = {http://adsabs.harvard.edu/abs/2009ApJ...701.1147A},
	Archiveprefix = {arXiv},
	Author = {{Abel}, N.~P. and {Dudley}, C. and {Fischer}, J. and {Satyapal}, S. and {van Hoof}, P.~A.~M.},
	Date-Added = {2013-02-13 01:32:34 +0000},
	Date-Modified = {2013-02-13 01:32:34 +0000},
	Doi = {10.1088/0004-637X/701/2/1147},
	Eprint = {0903.4643},
	Journal = {\apj},
	Keywords = {galaxies: active, galaxies: starburst, infrared: galaxies, infrared: ISM, X-rays: galaxies, X-rays: ISM},
	Month = aug,
	Pages = {1147-1160},
	Primaryclass = {astro-ph.CO},
	Title = {{Dust-Bounded Ultraluminous Infrared Galaxies: Model Predictions for Infrared Spectroscopic Surveys}},
	Volume = 701,
	Year = 2009,
	Bdsk-Url-1 = {http://dx.doi.org/10.1088/0004-637X/701/2/1147}}

@article{2011ApJ...740L..29F,
	Adsnote = {Provided by the SAO/NASA Astrophysics Data System},
	Adsurl = {http://adsabs.harvard.edu/abs/2011ApJ...740L..29F},
	Archiveprefix = {arXiv},
	Author = {{Ferkinhoff}, C. and {Brisbin}, D. and {Nikola}, T. and {Parshley}, S.~C. and {Stacey}, G.~J. and {Phillips}, T.~G. and {Falgarone}, E. and {Benford}, D.~J. and {Staguhn}, J.~G. and {Tucker}, C.~E.},
	Date-Added = {2013-02-13 01:15:05 +0000},
	Date-Modified = {2013-02-13 01:15:05 +0000},
	Doi = {10.1088/2041-8205/740/1/L29},
	Eid = {L29},
	Eprint = {1109.1559},
	Journal = {\apjl},
	Keywords = {galaxies: active, galaxies: high-redshift, galaxies: individual: SMMJ02399-136 H1413+117, galaxies: starburst, submillimeter: galaxies},
	Month = oct,
	Pages = {L29},
	Primaryclass = {astro-ph.CO},
	Title = {{First Detections of the [N II] 122 {$\mu$}m Line at High Redshift: Demonstrating the Utility of the Line for Studying Galaxies in the Early Universe}},
	Volume = 740,
	Year = 2011,
	Bdsk-Url-1 = {http://dx.doi.org/10.1088/2041-8205/740/1/L29}}

@article{1989ApJ...342..306H,
	Adsnote = {Provided by the SAO/NASA Astrophysics Data System},
	Adsurl = {http://adsabs.harvard.edu/abs/1989ApJ...342..306H},
	Author = {{Hollenbach}, D. and {McKee}, C.~F.},
	Date-Added = {2013-02-13 00:26:16 +0000},
	Date-Modified = {2013-02-13 00:26:16 +0000},
	Doi = {10.1086/167595},
	Journal = {\apj},
	Keywords = {EMISSION SPECTRA, INFRARED SOURCES (ASTRONOMY), INTERSTELLAR CHEMISTRY, MOLECULAR CLOUDS, SHOCK FRONTS, COSMIC RAYS, FINE STRUCTURE, HERBIG-HARO OBJECTS, MOLECULAR GASES, SUPERNOVA REMNANTS, WATER MASERS},
	Month = jul,
	Pages = {306-336},
	Title = {{Molecule formation and infrared emission in fast interstellar shocks. III - Results for J shocks in molecular clouds}},
	Volume = 342,
	Year = 1989,
	Bdsk-Url-1 = {http://dx.doi.org/10.1086/167595}}

@inproceedings{2008ASPC..394..654P,
	Adsnote = {Provided by the SAO/NASA Astrophysics Data System},
	Adsurl = {http://adsabs.harvard.edu/abs/2008ASPC..394..654P},
	Author = {{Pound}, M.~W. and {Wolfire}, M.~G.},
	Booktitle = {Astronomical Data Analysis Software and Systems XVII},
	Date-Added = {2013-02-06 03:22:14 +0000},
	Date-Modified = {2013-02-06 03:22:14 +0000},
	Editor = {{Argyle}, R.~W. and {Bunclark}, P.~S. and {Lewis}, J.~R.},
	Month = aug,
	Pages = {654},
	Series = {Astronomical Society of the Pacific Conference Series},
	Title = {{The Photo Dissociation Region Toolbox}},
	Volume = 394,
	Year = 2008}

@article{2010A&A...518L...4S,
	Adsnote = {Provided by the SAO/NASA Astrophysics Data System},
	Adsurl = {http://adsabs.harvard.edu/abs/2010A%26A...518L...4S},
	Archiveprefix = {arXiv},
	Author = {{Swinyard}, B.~M. and {Ade}, P. and {Baluteau}, J.-P. and {Aussel}, H. and {Barlow}, M.~J. and {Bendo}, G.~J. and {Benielli}, D. and {Bock}, J. and {Brisbin}, D. and {Conley}, A. and {Conversi}, L. and {Dowell}, A. and {Dowell}, D. and {Ferlet}, M. and {Fulton}, T. and {Glenn}, J. and {Glauser}, A. and {Griffin}, D. and {Griffin}, M. and {Guest}, S. and {Imhof}, P. and {Isaak}, K. and {Jones}, S. and {King}, K. and {Leeks}, S. and {Levenson}, L. and {Lim}, T.~L. and {Lu}, N. and {Makiwa}, G. and {Naylor}, D. and {Nguyen}, H. and {Oliver}, S. and {Panuzzo}, P. and {Papageorgiou}, A. and {Pearson}, C. and {Pohlen}, M. and {Polehampton}, E. and {Pouliquen}, D. and {Rigopoulou}, D. and {Ronayette}, S. and {Roussel}, H. and {Rykala}, A. and {Savini}, G. and {Schulz}, B. and {Schwartz}, A. and {Shupe}, D. and {Sibthorpe}, B. and {Sidher}, S. and {Smith}, A.~J. and {Spencer}, L. and {Trichas}, M. and {Triou}, H. and {Valtchanov}, I. and {Wesson}, R. and {Woodcraft}, A. and {Xu}, C.~K. and {Zemcov}, M. and {Zhang}, L.},
	Date-Added = {2013-02-05 22:27:03 +0000},
	Date-Modified = {2013-02-05 22:27:03 +0000},
	Doi = {10.1051/0004-6361/201014605},
	Eid = {L4},
	Eprint = {1005.5073},
	Journal = {\aap},
	Keywords = {instrumentation: photometers, instrumentation: spectrographs, space vehicles: instruments},
	Month = jul,
	Pages = {L4},
	Primaryclass = {astro-ph.IM},
	Title = {{In-flight calibration of the Herschel-SPIRE instrument}},
	Volume = 518,
	Year = 2010,
	Bdsk-Url-1 = {http://dx.doi.org/10.1051/0004-6361/201014605}}

@article{2004AJ....128.2772G,
	Adsnote = {Provided by the SAO/NASA Astrophysics Data System},
	Adsurl = {http://adsabs.harvard.edu/abs/2004AJ....128.2772G},
	Author = {{Garnett}, D.~R. and {Edmunds}, M.~G. and {Henry}, R.~B.~C. and {Pagel}, B.~E.~J. and {Skillman}, E.~D.},
	Date-Added = {2013-02-04 01:50:01 +0000},
	Date-Modified = {2013-02-04 01:50:01 +0000},
	Doi = {10.1086/425883},
	Journal = {\aj},
	Keywords = {Galaxies: Abundances, Galaxies: Evolution, Galaxies: Individual: Messier Number: M51, Galaxies: ISM},
	Month = dec,
	Pages = {2772-2782},
	Title = {{CNO Abundances in Metal-Rich Environments: Infrared Space Observatory Spectroscopy of Ionized Gas in M51}},
	Volume = 128,
	Year = 2004,
	Bdsk-Url-1 = {http://dx.doi.org/10.1086/425883}}

@article{2012ApJ...745..171S,
	Adsnote = {Provided by the SAO/NASA Astrophysics Data System},
	Adsurl = {http://adsabs.harvard.edu/abs/2012ApJ...745..171S},
	Archiveprefix = {arXiv},
	Author = {{Spinoglio}, L. and {Dasyra}, K.~M. and {Franceschini}, A. and {Gruppioni}, C. and {Valiante}, E. and {Isaak}, K.},
	Date-Added = {2013-02-04 01:28:17 +0000},
	Date-Modified = {2013-02-04 01:28:17 +0000},
	Doi = {10.1088/0004-637X/745/2/171},
	Eid = {171},
	Eprint = {1110.4837},
	Journal = {\apj},
	Keywords = {galaxies: active, galaxies: evolution, galaxies: starburst, infrared: galaxies, submillimeter: galaxies, techniques: imaging spectroscopy},
	Month = feb,
	Pages = {171},
	Primaryclass = {astro-ph.CO},
	Title = {{Far-IR/Submillimeter Spectroscopic Cosmological Surveys: Predictions of Infrared Line Luminosity Functions for z {\lt} 4 Galaxies}},
	Volume = 745,
	Year = 2012,
	Bdsk-Url-1 = {http://dx.doi.org/10.1088/0004-637X/745/2/171}}

@article{2004ApJS..153....9G,
	Adsnote = {Provided by the SAO/NASA Astrophysics Data System},
	Adsurl = {http://adsabs.harvard.edu/abs/2004ApJS..153....9G},
	Author = {{Groves}, B.~A. and {Dopita}, M.~A. and {Sutherland}, R.~S.},
	Date-Added = {2013-01-28 03:45:51 +0000},
	Date-Modified = {2013-01-28 03:45:51 +0000},
	Doi = {10.1086/421113},
	Eprint = {arXiv:astro-ph/0404175},
	Journal = {\apjs},
	Keywords = {Galaxies: Active, Galaxies: Seyfert, ISM: General, Line: Formation},
	Month = jul,
	Pages = {9-73},
	Title = {{Dusty, Radiation Pressure-Dominated Photoionization. I. Model Description, Structure, and Grids}},
	Volume = 153,
	Year = 2004,
	Bdsk-Url-1 = {http://dx.doi.org/10.1086/421113}}

@article{2006ApJS..164..506L,
	Adsnote = {Provided by the SAO/NASA Astrophysics Data System},
	Adsurl = {http://adsabs.harvard.edu/abs/2006ApJS..164..506L},
	Author = {{Le Petit}, F. and {Nehm{\'e}}, C. and {Le Bourlot}, J. and {Roueff}, E.},
	Date-Added = {2013-01-28 03:14:42 +0000},
	Date-Modified = {2013-01-28 03:14:42 +0000},
	Doi = {10.1086/503252},
	Eprint = {arXiv:astro-ph/0602150},
	Journal = {\apjs},
	Keywords = {Astrochemistry, ISM: General, ISM: Molecules, Methods: Numerical},
	Month = jun,
	Pages = {506-529},
	Title = {{A Model for Atomic and Molecular Interstellar Gas: The Meudon PDR Code}},
	Volume = 164,
	Year = 2006,
	Bdsk-Url-1 = {http://dx.doi.org/10.1086/503252}}

@article{2012A&A...548A..91L,
	Adsnote = {Provided by the SAO/NASA Astrophysics Data System},
	Adsurl = {http://adsabs.harvard.edu/abs/2012A%26A...548A..91L},
	Archiveprefix = {arXiv},
	Author = {{Lebouteiller}, V. and {Cormier}, D. and {Madden}, S.~C. and {Galliano}, F. and {Indebetouw}, R. and {Abel}, N. and {Sauvage}, M. and {Hony}, S. and {Contursi}, A. and {Poglitsch}, A. and {R{\'e}my}, A. and {Sturm}, E. and {Wu}, R.},
	Date-Added = {2013-01-28 02:21:24 +0000},
	Date-Modified = {2013-01-28 02:21:24 +0000},
	Doi = {10.1051/0004-6361/201218859},
	Eid = {A91},
	Eprint = {1209.6057},
	Journal = {\aap},
	Keywords = {infrared: ISM, HII regions, ISM: lines and bands, dust, extinction, methods: data analysis},
	Month = dec,
	Pages = {A91},
	Primaryclass = {astro-ph.CO},
	Title = {{Physical conditions in the gas phases of the giant H II region LMC-N 11 unveiled by Herschel . I. Diffuse [C II] and [O III] emission in LMC-N 11B}},
	Volume = 548,
	Year = 2012,
	Bdsk-Url-1 = {http://dx.doi.org/10.1051/0004-6361/201218859}}

@article{2012A&A...544A..55B,
	Adsnote = {Provided by the SAO/NASA Astrophysics Data System},
	Adsurl = {http://adsabs.harvard.edu/abs/2012A%26A...544A..55B},
	Archiveprefix = {arXiv},
	Author = {{Braine}, J. and {Gratier}, P. and {Kramer}, C. and {Israel}, F.~P. and {van der Tak}, F. and {Mookerjea}, B. and {Boquien}, M. and {Tabatabaei}, F. and {van der Werf}, P. and {Henkel}, C.},
	Date-Added = {2013-01-28 01:47:46 +0000},
	Date-Modified = {2013-01-28 01:47:46 +0000},
	Doi = {10.1051/0004-6361/201219360},
	Eid = {A55},
	Eprint = {1207.3243},
	Journal = {\aap},
	Keywords = {galaxies: individual: M 33, Local Group, galaxies: evolution, galaxies: ISM, ISM: clouds, stars: formation},
	Month = aug,
	Pages = {A55},
	Primaryclass = {astro-ph.CO},
	Title = {{Spectrally resolved C II emission in M 33 (HerM33es). Physical conditions and kinematics around BCLMP 691}},
	Volume = 544,
	Year = 2012,
	Bdsk-Url-1 = {http://dx.doi.org/10.1051/0004-6361/201219360}}

@article{2013A&A...549A.118C,
	Adsnote = {Provided by the SAO/NASA Astrophysics Data System},
	Adsurl = {http://adsabs.harvard.edu/abs/2013A%26A...549A.118C},
	Archiveprefix = {arXiv},
	Author = {{Contursi}, A. and {Poglitsch}, A. and {Gr{\'a}cia Carpio}, J. and {Veilleux}, S. and {Sturm}, E. and {Fischer}, J. and {Verma}, A. and {Hailey-Dunsheath}, S. and {Lutz}, D. and {Davies}, R. and {Gonz{\'a}lez-Alfonso}, E. and {Sternberg}, A. and {Genzel}, R. and {Tacconi}, L.},
	Date-Added = {2013-01-28 00:40:21 +0000},
	Date-Modified = {2013-01-28 00:40:21 +0000},
	Doi = {10.1051/0004-6361/201219214},
	Eid = {A118},
	Eprint = {1210.3496},
	Journal = {\aap},
	Keywords = {galaxies: individual: M 82, infrared: ISM, galaxies: kinematics and dynamics, galaxies: starburst},
	Month = jan,
	Pages = {A118},
	Primaryclass = {astro-ph.GA},
	Title = {{Spectroscopic FIR mapping of the disk and galactic wind of M 82 with Herschel-PACS}},
	Volume = 549,
	Year = 2013,
	Bdsk-Url-1 = {http://dx.doi.org/10.1051/0004-6361/201219214}}

@article{2004ApJS..154..253H,
	Adsnote = {Provided by the SAO/NASA Astrophysics Data System},
	Adsurl = {http://adsabs.harvard.edu/abs/2004ApJS..154..253H},
	Author = {{Helou}, G. and {Roussel}, H. and {Appleton}, P. and {Frayer}, D. and {Stolovy}, S. and {Storrie-Lombardi}, L. and {Hurt}, R. and {Lowrance}, P. and {Makovoz}, D. and {Masci}, F. and {Surace}, J. and {Gordon}, K.~D. and {Alonso-Herrero}, A. and {Engelbracht}, C.~W. and {Misselt}, K. and {Rieke}, G. and {Rieke}, M. and {Willner}, S.~P. and {Pahre}, M. and {Ashby}, M.~L.~N. and {Fazio}, G.~G. and {Smith}, H.~A.},
	Date-Added = {2013-01-26 21:55:44 +0000},
	Date-Modified = {2013-01-26 21:55:44 +0000},
	Doi = {10.1086/422640},
	Eprint = {arXiv:astro-ph/0408248},
	Journal = {\apjs},
	Keywords = {Galaxies: Individual: NGC Number: NGC 300, Galaxies: ISM, Infrared: Galaxies, Stars: Formation},
	Month = sep,
	Pages = {253-258},
	Title = {{The Anatomy of Star Formation in NGC 300}},
	Volume = 154,
	Year = 2004,
	Bdsk-Url-1 = {http://dx.doi.org/10.1086/422640}}

@article{2011PASP..123.1218A,
	Adsnote = {Provided by the SAO/NASA Astrophysics Data System},
	Adsurl = {http://adsabs.harvard.edu/abs/2011PASP..123.1218A},
	Archiveprefix = {arXiv},
	Author = {{Aniano}, G. and {Draine}, B.~T. and {Gordon}, K.~D. and {Sandstrom}, K.},
	Date-Added = {2013-01-19 19:15:24 +0000},
	Date-Modified = {2013-01-19 19:15:24 +0000},
	Doi = {10.1086/662219},
	Eprint = {1106.5065},
	Journal = {\pasp},
	Keywords = {Data Analysis and Techniques},
	Month = oct,
	Pages = {1218-1236},
	Primaryclass = {astro-ph.IM},
	Title = {{Common-Resolution Convolution Kernels for Space- and Ground-Based Telescopes}},
	Volume = 123,
	Year = 2011,
	Bdsk-Url-1 = {http://dx.doi.org/10.1086/662219}}

@article{2010ApJS..190..233M,
	Adsnote = {Provided by the SAO/NASA Astrophysics Data System},
	Adsurl = {http://adsabs.harvard.edu/abs/2010ApJS..190..233M},
	Archiveprefix = {arXiv},
	Author = {{Moustakas}, J. and {Kennicutt}, Jr., R.~C. and {Tremonti}, C.~A. and {Dale}, D.~A. and {Smith}, J.-D.~T. and {Calzetti}, D.},
	Date-Added = {2012-12-23 02:59:39 +0000},
	Date-Modified = {2012-12-23 02:59:39 +0000},
	Doi = {10.1088/0067-0049/190/2/233},
	Eid = {233},
	Eprint = {1007.4547},
	Journal = {\apjs},
	Keywords = {atlases, galaxies: abundances, galaxies: fundamental parameters, galaxies: ISM, galaxies: stellar content, techniques: spectroscopic},
	Month = oct,
	Pages = {233-266},
	Primaryclass = {astro-ph.CO},
	Title = {{Optical Spectroscopy and Nebular Oxygen Abundances of the Spitzer/SINGS Galaxies}},
	Volume = 190,
	Year = 2010,
	Bdsk-Url-1 = {http://dx.doi.org/10.1088/0067-0049/190/2/233}}

@article{2009ARA&A..47..481A,
	Adsnote = {Provided by the SAO/NASA Astrophysics Data System},
	Adsurl = {http://adsabs.harvard.edu/abs/2009ARA%26A..47..481A},
	Archiveprefix = {arXiv},
	Author = {{Asplund}, M. and {Grevesse}, N. and {Sauval}, A.~J. and {Scott}, P.},
	Date-Added = {2012-12-23 02:49:06 +0000},
	Date-Modified = {2012-12-23 02:49:06 +0000},
	Doi = {10.1146/annurev.astro.46.060407.145222},
	Eprint = {0909.0948},
	Journal = {\araa},
	Month = sep,
	Pages = {481-522},
	Primaryclass = {astro-ph.SR},
	Title = {{The Chemical Composition of the Sun}},
	Volume = 47,
	Year = 2009,
	Bdsk-Url-1 = {http://dx.doi.org/10.1146/annurev.astro.46.060407.145222}}

@article{2006A&A...445..907I,
	Adsnote = {Provided by the SAO/NASA Astrophysics Data System},
	Adsurl = {http://adsabs.harvard.edu/abs/2006A%26A...445..907I},
	Author = {{Israel}, F.~P. and {Tilanus}, R.~P.~J. and {Baas}, F.},
	Date-Added = {2012-12-22 21:09:02 +0000},
	Date-Modified = {2012-12-22 21:09:02 +0000},
	Doi = {10.1051/0004-6361:20053096},
	Eprint = {arXiv:astro-ph/0509492},
	Journal = {\aap},
	Keywords = {galaxies: individual: M 51, galaxies: spiral, galaxies: ISM, galaxies: nuclei, submillimeter},
	Month = jan,
	Pages = {907-913},
	Title = {{CI and CO in the center of M 51}},
	Volume = 445,
	Year = 2006,
	Bdsk-Url-1 = {http://dx.doi.org/10.1051/0004-6361:20053096}}

@article{1999ApJ...513..168G,
	Adsnote = {Provided by the SAO/NASA Astrophysics Data System},
	Adsurl = {http://adsabs.harvard.edu/abs/1999ApJ...513..168G},
	Author = {{Garnett}, D.~R. and {Shields}, G.~A. and {Peimbert}, M. and {Torres-Peimbert}, S. and {Skillman}, E.~D. and {Dufour}, R.~J. and {Terlevich}, E. and {Terlevich}, R.~J.},
	Date-Added = {2012-12-22 21:04:31 +0000},
	Date-Modified = {2012-12-22 21:04:31 +0000},
	Doi = {10.1086/306860},
	Eprint = {arXiv:astro-ph/9810026},
	Journal = {\apj},
	Keywords = {GALAXIES: ABUNDANCES, GALAXIES: EVOLUTION, GALAXIES: INDIVIDUAL: MESSIER NUMBER: M101, GALAXIES: INDIVIDUAL: NGC NUMBER: NGC 2403, GALAXIES: ISM, GALAXIES: SPIRAL},
	Month = mar,
	Pages = {168-179},
	Title = {{Carbon in Spiral Galaxies from Hubble Space Telescope Spectroscopy}},
	Volume = 513,
	Year = 1999,
	Bdsk-Url-1 = {http://dx.doi.org/10.1086/306860}}

@article{1998A&AS..131..499G,
	Adsnote = {Provided by the SAO/NASA Astrophysics Data System},
	Adsurl = {http://adsabs.harvard.edu/abs/1998A%26AS..131..499G},
	Author = {{Galavis}, M.~E. and {Mendoza}, C. and {Zeippen}, C.~J.},
	Date-Added = {2012-12-19 19:04:36 +0000},
	Date-Modified = {2012-12-19 19:04:36 +0000},
	Doi = {10.1051/aas:1998435},
	Journal = {\aaps},
	Keywords = {ATOMIC DATA, ATOMIC PROCESSES},
	Month = sep,
	Pages = {499-522},
	Title = {{Atomic data from the IRON Project. XXIX. Radiative rates for transitions within the N = 2 complex in ions of the boron isoelectronic sequence}},
	Volume = 131,
	Year = 1998,
	Bdsk-Url-1 = {http://dx.doi.org/10.1051/aas:1998435}}

@article{1997A&AS..123..159G,
	Adsnote = {Provided by the SAO/NASA Astrophysics Data System},
	Adsurl = {http://adsabs.harvard.edu/abs/1997A%26AS..123..159G},
	Author = {{Galavis}, M.~E. and {Mendoza}, C. and {Zeippen}, C.~J.},
	Date-Added = {2012-12-19 19:03:12 +0000},
	Date-Modified = {2012-12-19 19:03:12 +0000},
	Doi = {10.1051/aas:1997344},
	Journal = {\aaps},
	Keywords = {ATOMIC DATA, ATOMIC PROCESSES},
	Month = may,
	Pages = {159-171},
	Title = {{Atomic data from the IRON Project. XXII. Radiative rates for forbidden transitions within the ground configuration of ions in the carbon and oxygen isoelectronic sequences}},
	Volume = 123,
	Year = 1997,
	Bdsk-Url-1 = {http://dx.doi.org/10.1051/aas:1997344}}

@article{2004MNRAS.348.1275H,
	Adsnote = {Provided by the SAO/NASA Astrophysics Data System},
	Adsurl = {http://adsabs.harvard.edu/abs/2004MNRAS.348.1275H},
	Author = {{Hudson}, C.~E. and {Bell}, K.~L.},
	Date-Added = {2012-12-19 19:01:56 +0000},
	Date-Modified = {2012-12-19 19:01:56 +0000},
	Doi = {10.1111/j.1365-2966.2004.07461.x},
	Journal = {\mnras},
	Keywords = {atomic processes, line: formation, methods: analytical},
	Month = mar,
	Pages = {1275-1281},
	Title = {{Effective collision strengths for transitions in singly ionized nitrogen}},
	Volume = 348,
	Year = 2004,
	Bdsk-Url-1 = {http://dx.doi.org/10.1111/j.1365-2966.2004.07461.x}}

@article{1992ApJS...80..425B,
	Adsnote = {Provided by the SAO/NASA Astrophysics Data System},
	Adsurl = {http://adsabs.harvard.edu/abs/1992ApJS...80..425B},
	Author = {{Blum}, R.~D. and {Pradhan}, A.~K.},
	Date-Added = {2012-12-19 18:59:15 +0000},
	Date-Modified = {2012-12-19 18:59:15 +0000},
	Doi = {10.1086/191670},
	Journal = {\apjs},
	Keywords = {ASTRONOMICAL SPECTROSCOPY, CARBON, EMISSION SPECTRA, INFRARED SPECTRA, MOLECULAR EXCITATION, ULTRAVIOLET SPECTRA, ELECTRON IMPACT, ELECTRON TRANSITIONS, GROUND STATE, NITROGEN, OXYGEN},
	Month = may,
	Pages = {425-452},
	Title = {{Rate coefficients for the excitation of infrared and ultraviolet lines in C II, N III, and O IV}},
	Volume = 80,
	Year = 1992,
	Bdsk-Url-1 = {http://dx.doi.org/10.1086/191670}}

@article{1996ARA&A..34..279S,
	Adsnote = {Provided by the SAO/NASA Astrophysics Data System},
	Adsurl = {http://adsabs.harvard.edu/abs/1996ARA%26A..34..279S},
	Author = {{Savage}, B.~D. and {Sembach}, K.~R.},
	Date-Added = {2012-12-19 18:58:22 +0000},
	Date-Modified = {2012-12-19 18:58:22 +0000},
	Doi = {10.1146/annurev.astro.34.1.279},
	Journal = {\araa},
	Pages = {279-330},
	Title = {{Interstellar Abundances from Absorption-Line Observations with the Hubble Space Telescope}},
	Volume = 34,
	Year = 1996,
	Bdsk-Url-1 = {http://dx.doi.org/10.1146/annurev.astro.34.1.279}}

@article{2006ApJ...652L.125O,
	Adsnote = {Provided by the SAO/NASA Astrophysics Data System},
	Adsurl = {http://adsabs.harvard.edu/abs/2006ApJ...652L.125O},
	Author = {{Oberst}, T.~E. and {Parshley}, S.~C. and {Stacey}, G.~J. and {Nikola}, T. and {L{\"o}hr}, A. and {Harnett}, J.~I. and {Tothill}, N.~F.~H. and {Lane}, A.~P. and {Stark}, A.~A. and {Tucker}, C.~E.},
	Date-Added = {2012-12-19 07:41:18 +0000},
	Date-Modified = {2012-12-19 07:41:18 +0000},
	Doi = {10.1086/510289},
	Eprint = {arXiv:astro-ph/0610636},
	Journal = {\apjl},
	Keywords = {ISM: H II Regions, Infrared: ISM, Instrumentation: Spectrographs, ISM: Atoms, ISM: Individual: Name: Carina Nebula, ISM: Lines and Bands},
	Month = dec,
	Pages = {L125-L128},
	Title = {{Detection of the 205 {$\mu$}m [N II] Line from the Carina Nebula}},
	Volume = 652,
	Year = 2006,
	Bdsk-Url-1 = {http://dx.doi.org/10.1086/510289}}

@article{1994ApJ...436..720H,
	Adsnote = {Provided by the SAO/NASA Astrophysics Data System},
	Adsurl = {http://adsabs.harvard.edu/abs/1994ApJ...436..720H},
	Author = {{Heiles}, C.},
	Date-Added = {2012-11-23 06:43:30 +0000},
	Date-Modified = {2012-11-23 06:43:30 +0000},
	Doi = {10.1086/174945},
	Journal = {\apj},
	Keywords = {CARBON, CATIONS, EMISSION SPECTRA, GALACTIC NUCLEI, INFRARED ASTRONOMY, INFRARED SPECTRA, INTERSTELLAR MATTER, LINE SPECTRA, ASTRONOMICAL SPECTROSCOPY, DIFFUSE RADIATION, PHOTODISSOCIATION},
	Month = dec,
	Pages = {720-727},
	Title = {{On the origin of the diffuse C(+) 158 micron line emission}},
	Volume = 436,
	Year = 1994,
	Bdsk-Url-1 = {http://dx.doi.org/10.1086/174945}}

@article{1997ApJS..112..315H,
	Adsnote = {Provided by the SAO/NASA Astrophysics Data System},
	Adsurl = {http://adsabs.harvard.edu/abs/1997ApJS..112..315H},
	Author = {{Ho}, L.~C. and {Filippenko}, A.~V. and {Sargent}, W.~L.~W.},
	Date-Added = {2012-11-23 05:57:24 +0000},
	Date-Modified = {2012-11-23 05:57:24 +0000},
	Doi = {10.1086/313041},
	Eprint = {arXiv:astro-ph/9704107},
	Journal = {\apjs},
	Keywords = {GALAXIES: FUNDAMENTAL PARAMETERS, GALAXIES: ACTIVE, GALAXIES: NUCLEI, GALAXIES: SEYFERT, GALAXIES: ISM},
	Month = oct,
	Pages = {315},
	Title = {{A Search for ``Dwarf'' Seyfert Nuclei. III. Spectroscopic Parameters and Properties of the Host Galaxies}},
	Volume = 112,
	Year = 1997,
	Bdsk-Url-1 = {http://dx.doi.org/10.1086/313041}}

@article{1983A&A...128..212M,
	Adsnote = {Provided by the SAO/NASA Astrophysics Data System},
	Adsurl = {http://adsabs.harvard.edu/abs/1983A%26A...128..212M},
	Author = {{Mathis}, J.~S. and {Mezger}, P.~G. and {Panagia}, N.},
	Date-Added = {2012-11-22 15:14:46 +0000},
	Date-Modified = {2012-11-22 15:14:46 +0000},
	Journal = {\aap},
	Keywords = {COSMIC DUST, INTERSTELLAR MATTER, INTERSTELLAR RADIATION, MOLECULAR CLOUDS, GRAPHITE, RADIATION DISTRIBUTION, RADIATIVE TRANSFER, SILICATES, TEMPERATURE PROFILES},
	Month = nov,
	Pages = {212-229},
	Title = {{Interstellar radiation field and dust temperatures in the diffuse interstellar matter and in giant molecular clouds}},
	Volume = 128,
	Year = 1983}

@manual{SPIRE_OM,
	Author = {Spire Observers' Manual},
	Date-Added = {2012-11-22 03:51:30 +0000},
	Date-Modified = {2012-11-22 19:55:32 +0000},
	Edition = {HERSCHEL-DOC-0798 version 2.4},
	Month = {June},
	Title = {Spire Observers' Manual},
	Year = {2011}}

@article{2006A&A...446..561L,
	Adsnote = {Provided by the SAO/NASA Astrophysics Data System},
	Adsurl = {http://adsabs.harvard.edu/abs/2006A%26A...446..561L},
	Author = {{Liseau}, R. and {Justtanont}, K. and {Tielens}, A.~G.~G.~M.},
	Date-Added = {2012-11-22 02:27:06 +0000},
	Date-Modified = {2012-11-22 02:27:06 +0000},
	Doi = {10.1051/0004-6361:20053925},
	Eprint = {arXiv:astro-ph/0509836},
	Journal = {\aap},
	Keywords = {ISM: atoms, ISM: clouds, ISM: jets and outflows, stars: formation, masers, line: formation},
	Month = feb,
	Pages = {561-567},
	Title = {{Outflows from young objects observed with the ISO-LWS. I. Fine structure lines [O I] 63 {$\mu$}m, [O I] 145 {$\mu$}m and [C II] 157 {$\mu$}m}},
	Volume = 446,
	Year = 2006,
	Bdsk-Url-1 = {http://dx.doi.org/10.1051/0004-6361:20053925}}

@article{1985ApJ...291..747T,
	Adsnote = {Provided by the SAO/NASA Astrophysics Data System},
	Adsurl = {http://adsabs.harvard.edu/abs/1985ApJ...291..747T},
	Author = {{Tielens}, A.~G.~G.~M. and {Hollenbach}, D.},
	Date-Added = {2012-11-15 00:14:52 +0000},
	Date-Modified = {2012-11-15 00:14:52 +0000},
	Doi = {10.1086/163112},
	Journal = {\apj},
	Month = apr,
	Pages = {747},
	Title = {{Photodissociation Regions - Part Two - a Model for the Orion Photodissociation Region}},
	Volume = 291,
	Year = 1985,
	Bdsk-Url-1 = {http://dx.doi.org/10.1086/163112}}

@article{2001ApJ...561..203N,
	Adsnote = {Provided by the SAO/NASA Astrophysics Data System},
	Adsurl = {http://adsabs.harvard.edu/abs/2001ApJ...561..203N},
	Author = {{Nikola}, T. and {Geis}, N. and {Herrmann}, F. and {Madden}, S.~C. and {Poglitsch}, A. and {Stacey}, G.~J. and {Townes}, C.~H.},
	Date-Added = {2012-11-13 22:45:28 +0000},
	Date-Modified = {2012-11-13 22:45:28 +0000},
	Doi = {10.1086/323235},
	Eprint = {arXiv:astro-ph/0107365},
	Journal = {\apj},
	Keywords = {galaxies: individual (M51), Galaxies: Interactions, Galaxies: ISM, Galaxies: Spiral, Infrared: Galaxies},
	Month = nov,
	Pages = {203-217},
	Title = {{Star Formation in M51 Triggered by Galaxy Interaction}},
	Volume = 561,
	Year = 2001,
	Bdsk-Url-1 = {http://dx.doi.org/10.1086/323235}}

@article{2010A&A...518L..57C,
	Adsnote = {Provided by the SAO/NASA Astrophysics Data System},
	Adsurl = {http://adsabs.harvard.edu/abs/2010A%26A...518L..57C},
	Archiveprefix = {arXiv},
	Author = {{Cormier}, D. and {Madden}, S.~C. and {Hony}, S. and {Contursi}, A. and {Poglitsch}, A. and {Galliano}, F. and {Sturm}, E. and {Doublier}, V. and {Feuchtgruber}, H. and {Galametz}, M. and {Geis}, N. and {de Jong}, J. and {Okumura}, K. and {Panuzzo}, P. and {Sauvage}, M.},
	Date-Added = {2012-11-13 16:39:45 +0000},
	Date-Modified = {2012-11-13 16:39:45 +0000},
	Doi = {10.1051/0004-6361/201014699},
	Eid = {L57},
	Eprint = {1005.1942},
	Journal = {\aap},
	Keywords = {galaxies: ISM, galaxies: individual: NGC 4214, ISM: line and bands, photon-dominated region (PDR), galaxies: dwarf},
	Month = jul,
	Pages = {L57},
	Primaryclass = {astro-ph.CO},
	Title = {{The effects of star formation on the low-metallicity ISM: NGC 4214 mapped with Herschel/PACS spectroscopy}},
	Volume = 518,
	Year = 2010,
	Bdsk-Url-1 = {http://dx.doi.org/10.1051/0004-6361/201014699}}

@article{2002AJ....124..751C,
	Adsnote = {Provided by the SAO/NASA Astrophysics Data System},
	Adsurl = {http://adsabs.harvard.edu/abs/2002AJ....124..751C},
	Author = {{Contursi}, A. and {Kaufman}, M.~J. and {Helou}, G. and {Hollenbach}, D.~J. and {Brauher}, J. and {Stacey}, G.~J. and {Dale}, D.~A. and {Malhotra}, S. and {Rubio}, M. and {Rubin}, R.~H. and {Lord}, S.~D.},
	Date-Added = {2012-11-13 05:06:35 +0000},
	Date-Modified = {2012-11-13 05:06:35 +0000},
	Doi = {10.1086/341374},
	Eprint = {arXiv:astro-ph/0204241},
	Journal = {\aj},
	Keywords = {Galaxies: Individual: NGC Number: NGC 6946, Galaxies: Individual: NGC Number: NGC 1313, Galaxies: ISM, ISM: H I},
	Month = aug,
	Pages = {751-776},
	Title = {{ISO LWS Observations of the Two Nearby Spiral Galaxies NGC 6946 and NGC 1313}},
	Volume = 124,
	Year = 2002,
	Bdsk-Url-1 = {http://dx.doi.org/10.1086/341374}}

@article{2003ApJ...594..758L,
	Adsnote = {Provided by the SAO/NASA Astrophysics Data System},
	Adsurl = {http://adsabs.harvard.edu/abs/2003ApJ...594..758L},
	Author = {{Luhman}, M.~L. and {Satyapal}, S. and {Fischer}, J. and {Wolfire}, M.~G. and {Sturm}, E. and {Dudley}, C.~C. and {Lutz}, D. and {Genzel}, R.},
	Date-Added = {2012-11-13 03:37:08 +0000},
	Date-Modified = {2012-11-13 03:37:08 +0000},
	Doi = {10.1086/376965},
	Eprint = {arXiv:astro-ph/0305520},
	Journal = {\apj},
	Keywords = {Galaxies: High-Redshift, Galaxies: ISM, Galaxies: Starburst, Infrared: Galaxies, ISM: Lines and Bands},
	Month = sep,
	Pages = {758-775},
	Title = {{The [C II] 158 Micron Line Deficit in Ultraluminous Infrared Galaxies Revisited}},
	Volume = 594,
	Year = 2003,
	Bdsk-Url-1 = {http://dx.doi.org/10.1086/376965}}

@article{1998ApJ...504L..11L,
	Adsnote = {Provided by the SAO/NASA Astrophysics Data System},
	Adsurl = {http://adsabs.harvard.edu/abs/1998ApJ...504L..11L},
	Author = {{Luhman}, M.~L. and {Satyapal}, S. and {Fischer}, J. and {Wolfire}, M.~G. and {Cox}, P. and {Lord}, S.~D. and {Smith}, H.~A. and {Stacey}, G.~J. and {Unger}, S.~J.},
	Date-Added = {2012-11-13 01:57:31 +0000},
	Date-Modified = {2012-11-13 01:57:31 +0000},
	Doi = {10.1086/311562},
	Journal = {\apjl},
	Keywords = {GALAXIES: ACTIVE, GALAXIES: ISM, GALAXIES: STARBURST, INFRARED: GALAXIES, INFRARED: ISM: LINES AND BANDS, ISM: ATOMS},
	Month = sep,
	Pages = {L11},
	Title = {{Infrared Space Observatory Measurements of a [C II] 158 Micron Line Deficit in Ultraluminous Infrared Galaxies}},
	Volume = 504,
	Year = 1998,
	Bdsk-Url-1 = {http://dx.doi.org/10.1086/311562}}

@article{1996A&A...315L.117L,
	Adsnote = {Provided by the SAO/NASA Astrophysics Data System},
	Adsurl = {http://adsabs.harvard.edu/abs/1996A%26A...315L.117L},
	Author = {{Lord}, S.~D. and {Malhotra}, S. and {Lim}, T. and {Helou}, G. and {Rubin}, R.~H. and {Stacey}, G.~J. and {Hollenbach}, D.~J. and {Werner}, M.~W. and {Thronson}, Jr., H.~A. and {Beichman}, C.~A. and {Dinerstein}, H. and {Hunter}, D.~A. and {Lo}, K.~Y. and {Lu}, N.~Y.},
	Date-Added = {2012-11-12 21:00:53 +0000},
	Date-Modified = {2012-11-12 21:00:53 +0000},
	Journal = {\aap},
	Keywords = {GALAXIES: INDIVIDUAL: NGC 5713, GALAXIES: ISM, GALAXIES: STARBURST, INFRARED: GALAXIES},
	Month = nov,
	Pages = {L117-L120},
	Title = {{ISM parameters in the normal galaxy NGC 5713.}},
	Volume = 315,
	Year = 1996}

@article{1985ApJ...291..755C,
	Adsnote = {Provided by the SAO/NASA Astrophysics Data System},
	Adsurl = {http://adsabs.harvard.edu/abs/1985ApJ...291..755C},
	Author = {{Crawford}, M.~K. and {Genzel}, R. and {Townes}, C.~H. and {Watson}, D.~M.},
	Date-Added = {2012-11-12 18:42:53 +0000},
	Date-Modified = {2012-11-12 18:42:53 +0000},
	Doi = {10.1086/163113},
	Journal = {\apj},
	Keywords = {ABUNDANCE, GALACTIC NUCLEI, INFRARED SPECTROSCOPY, INTERSTELLAR MATTER, LINE SPECTRA, MOLECULAR CLOUDS, CARBON, CARBON MONOXIDE, EMISSION SPECTRA, ENERGY BUDGETS, FAR INFRARED RADIATION, HYDROGEN CLOUDS, IONIZED GASES, RADIANT FLUX DENSITY, ULTRAVIOLET RADIATION},
	Month = apr,
	Pages = {755-771},
	Title = {{Far-infrared spectroscopy of galaxies - The 158 micron C(+) line and the energy balance of molecular clouds}},
	Volume = 291,
	Year = 1985,
	Bdsk-Url-1 = {http://dx.doi.org/10.1086/163113}}

@article{1985ApJ...289..803S,
	Adsnote = {Provided by the SAO/NASA Astrophysics Data System},
	Adsurl = {http://adsabs.harvard.edu/abs/1985ApJ...289..803S},
	Author = {{Stacey}, G.~J. and {Viscuso}, P.~J. and {Fuller}, C.~E. and {Kurtz}, N.~T.},
	Date-Added = {2012-11-12 17:15:27 +0000},
	Date-Modified = {2012-11-12 17:15:27 +0000},
	Doi = {10.1086/162944},
	Journal = {\apj},
	Keywords = {CARBON, EMISSION SPECTRA, INFRARED SPECTRA, MILKY WAY GALAXY, RADIANT FLUX DENSITY, SPECTRAL ENERGY DISTRIBUTION, CONTINUOUS SPECTRA, FORBIDDEN BANDS, LINE SPECTRA, MOLECULAR CLOUDS},
	Month = feb,
	Pages = {803-806},
	Title = {{The 157-micron forbidden C II luminosity of ghe Galaxy. II - The presence of knotlike features in the forbidden C II emission}},
	Volume = 289,
	Year = 1985,
	Bdsk-Url-1 = {http://dx.doi.org/10.1086/162944}}

@article{1983ApJ...265L...7S,
	Adsnote = {Provided by the SAO/NASA Astrophysics Data System},
	Adsurl = {http://adsabs.harvard.edu/abs/1983ApJ...265L...7S},
	Author = {{Stacey}, G.~J. and {Smyers}, S.~D. and {Kurtz}, N.~T. and {Harwit}, M.},
	Date-Added = {2012-11-12 17:06:32 +0000},
	Date-Modified = {2012-11-12 17:06:32 +0000},
	Doi = {10.1086/183948},
	Journal = {\apjl},
	Keywords = {EMISSION SPECTRA, FORBIDDEN TRANSITIONS, LINE SPECTRA, ORION NEBULA, OXYGEN SPECTRA, H II REGIONS, INFRARED SPECTRA, INTERSTELLAR GAS, INTERSTELLAR MATTER, NEUTRAL GASES, SHOCK WAVES},
	Month = feb,
	Pages = {L7-L11},
	Title = {{Observations of the 145.5 micron O I forbidden emission line in the Orion Nebula}},
	Volume = 265,
	Year = 1983,
	Bdsk-Url-1 = {http://dx.doi.org/10.1086/183948}}

@article{1991ApJ...373..423S,
	Adsnote = {Provided by the SAO/NASA Astrophysics Data System},
	Adsurl = {http://adsabs.harvard.edu/abs/1991ApJ...373..423S},
	Author = {{Stacey}, G.~J. and {Geis}, N. and {Genzel}, R. and {Lugten}, J.~B. and {Poglitsch}, A. and {Sternberg}, A. and {Townes}, C.~H.},
	Date-Added = {2012-11-12 16:51:36 +0000},
	Date-Modified = {2012-11-12 16:51:36 +0000},
	Doi = {10.1086/170062},
	Journal = {\apj},
	Keywords = {FINE STRUCTURE, GALACTIC NUCLEI, GALAXIES, IONIZED GASES, MOLECULAR CLOUDS, STAR FORMATION, COSMIC GASES, FAR INFRARED RADIATION, GAS TEMPERATURE, LINE SPECTRA, LUMINOSITY, MOLECULAR GASES},
	Month = jun,
	Pages = {423-444},
	Title = {{The 158 micron C II line - A measure of global star formation activity in galaxies}},
	Volume = 373,
	Year = 1991,
	Bdsk-Url-1 = {http://dx.doi.org/10.1086/170062}}

@article{1993ApJ...404..219S,
	Adsnote = {Provided by the SAO/NASA Astrophysics Data System},
	Adsurl = {http://adsabs.harvard.edu/abs/1993ApJ...404..219S},
	Author = {{Stacey}, G.~J. and {Jaffe}, D.~T. and {Geis}, N. and {Grenzel}, R. and {Harris}, A.~I. and {Poglitsch}, A. and {Stutzki}, J. and {Townes}, C.~H.},
	Date-Added = {2012-11-12 16:47:24 +0000},
	Date-Modified = {2012-11-12 16:47:24 +0000},
	Doi = {10.1086/172270},
	Journal = {\apj},
	Keywords = {ASTRONOMICAL MAPS, MOLECULAR CLOUDS, ORION NEBULA, CARBON MONOXIDE, GALACTIC NUCLEI, INTERSTELLAR RADIATION, LINE SPECTRA, PHOTODISSOCIATION, SPECTRAL EMISSION},
	Month = feb,
	Pages = {219-231},
	Title = {{158 micron forbidden C II mapping of the Orion molecular cloud}},
	Volume = 404,
	Year = 1993,
	Bdsk-Url-1 = {http://dx.doi.org/10.1086/172270}}

@article{2004A&A...414..825S,
	Adsnote = {Provided by the SAO/NASA Astrophysics Data System},
	Adsurl = {http://adsabs.harvard.edu/abs/2004A%26A...414..825S},
	Author = {{Satyapal}, S. and {Sambruna}, R.~M. and {Dudik}, R.~P.},
	Date-Added = {2012-11-11 21:05:40 +0000},
	Date-Modified = {2012-11-11 21:05:40 +0000},
	Doi = {10.1051/0004-6361:20031609},
	Eprint = {arXiv:astro-ph/0309082},
	Journal = {\aap},
	Keywords = {galaxies: starburst, X-rays: galaxies, infared: galaxies},
	Month = feb,
	Pages = {825-838},
	Title = {{A joint mid-infrared spectroscopic and X-ray imaging investigation of LINER galaxies}},
	Volume = 414,
	Year = 2004,
	Bdsk-Url-1 = {http://dx.doi.org/10.1051/0004-6361:20031609}}

@article{1994ApJ...420..772R,
	Adsnote = {Provided by the SAO/NASA Astrophysics Data System},
	Adsurl = {http://adsabs.harvard.edu/abs/1994ApJ...420..772R},
	Author = {{Rubin}, R.~H. and {Simpson}, J.~P. and {Lord}, S.~D. and {Colgan}, S.~W.~J. and {Erickson}, E.~F. and {Haas}, M.~R.},
	Date-Added = {2012-10-26 02:42:31 +0000},
	Date-Modified = {2012-10-26 02:42:31 +0000},
	Doi = {10.1086/173601},
	Journal = {\apj},
	Keywords = {FAR INFRARED RADIATION, INFRARED ASTRONOMY, INFRARED SPECTROSCOPY, INTERSTELLAR MATTER, NEBULAE, STELLAR TEMPERATURE, ABUNDANCE, ELECTRON DENSITY (CONCENTRATION), H II REGIONS, METALLICITY, RECOMBINATION REACTIONS},
	Month = jan,
	Pages = {772-782},
	Title = {{Nebular properties from far-infrared spectrosopy}},
	Volume = 420,
	Year = 1994,
	Bdsk-Url-1 = {http://dx.doi.org/10.1086/173601}}

@article{1968BAN....19..421H,
	Adsnote = {Provided by the SAO/NASA Astrophysics Data System},
	Adsurl = {http://adsabs.harvard.edu/abs/1968BAN....19..421H},
	Author = {{Habing}, H.~J.},
	Date-Added = {2012-10-26 00:17:03 +0000},
	Date-Modified = {2012-10-26 00:17:03 +0000},
	Journal = {\bain},
	Month = jan,
	Pages = {421},
	Title = {{The interstellar radiation density between 912 A and 2400 A}},
	Volume = 19,
	Year = 1968}

@article{1985ApJS...57..349R,
	Adsnote = {Provided by the SAO/NASA Astrophysics Data System},
	Adsurl = {http://adsabs.harvard.edu/abs/1985ApJS...57..349R},
	Author = {{Rubin}, R.~H.},
	Date-Added = {2012-10-25 23:18:06 +0000},
	Date-Modified = {2012-10-25 23:18:06 +0000},
	Doi = {10.1086/191007},
	Journal = {\apjs},
	Keywords = {ASTRONOMICAL MODELS, H II REGIONS, HEAVY ELEMENTS, NEBULAE, OPACITY, ASTRONOMICAL CATALOGS, ELECTRON ENERGY, METALLICITY, TABLES (DATA)},
	Month = feb,
	Pages = {349-387},
	Title = {{Models of H II regions - Heavy element opacity, variation of temperature}},
	Volume = 57,
	Year = 1985,
	Bdsk-Url-1 = {http://dx.doi.org/10.1086/191007}}

@article{1994ApJ...434..587B,
	Adsnote = {Provided by the SAO/NASA Astrophysics Data System},
	Adsurl = {http://adsabs.harvard.edu/abs/1994ApJ...434..587B},
	Author = {{Bennett}, C.~L. and {Fixsen}, D.~J. and {Hinshaw}, G. and {Mather}, J.~C. and {Moseley}, S.~H. and {Wright}, E.~L. and {Eplee}, Jr., R.~E. and {Gales}, J. and {Hewagama}, T. and {Isaacman}, R.~B. and {Shafer}, R.~A. and {Turpie}, K.},
	Date-Added = {2012-10-25 22:12:04 +0000},
	Date-Modified = {2012-10-25 22:12:04 +0000},
	Doi = {10.1086/174761},
	Eprint = {arXiv:astro-ph/9311032},
	Journal = {\apj},
	Keywords = {CARBON, CARBON MONOXIDE, EMISSION SPECTRA, HYDROGEN, INFRARED ASTRONOMY, INTERSTELLAR MATTER, MILKY WAY GALAXY, MORPHOLOGY, NITROGEN, SKY SURVEYS (ASTRONOMY), ULTRAVIOLET RADIATION, COSMIC BACKGROUND EXPLORER SATELLITE, FINE STRUCTURE, FOURIER TRANSFORMATION, INFRARED SPECTROPHOTOMETERS, MICHELSON INTERFEROMETERS, PHOTODISSOCIATION, PHOTOIONIZATION},
	Month = oct,
	Pages = {587-598},
	Title = {{Morphology of the interstellar cooling lines detected by COBE}},
	Volume = 434,
	Year = 1994,
	Bdsk-Url-1 = {http://dx.doi.org/10.1086/174761}}

@article{1991ApJ...381..200W,
	Adsnote = {Provided by the SAO/NASA Astrophysics Data System},
	Adsurl = {http://adsabs.harvard.edu/abs/1991ApJ...381..200W},
	Author = {{Wright}, E.~L. and {Mather}, J.~C. and {Bennett}, C.~L. and {Cheng}, E.~S. and {Shafer}, R.~A. and {Fixsen}, D.~J. and {Eplee}, Jr., R.~E. and {Isaacman}, R.~B. and {Read}, S.~M. and {Boggess}, N.~W. and {Gulkis}, S. and {Hauser}, M.~G. and {Janssen}, M. and {Kelsall}, T. and {Lubin}, P.~M. and {Meyer}, S.~S. and {Moseley}, Jr., S.~H. and {Murdock}, T.~L. and {Silverberg}, R.~F. and {Smoot}, G.~F. and {Weiss}, R. and {Wilkinson}, D.~T.},
	Date-Added = {2012-10-25 20:10:33 +0000},
	Date-Modified = {2012-10-25 20:10:33 +0000},
	Doi = {10.1086/170641},
	Journal = {\apj},
	Keywords = {COSMIC BACKGROUND EXPLORER SATELLITE, INFRARED SPECTRA, MILKY WAY GALAXY, GRAINS, INFRARED SPECTROPHOTOMETERS, INTERSTELLAR MATTER, MOLECULAR CLOUDS},
	Month = nov,
	Pages = {200-209},
	Title = {{Preliminary spectral observations of the Galaxy with a 7 deg beam by the Cosmic Background Explorer (COBE)}},
	Volume = 381,
	Year = 1991,
	Bdsk-Url-1 = {http://dx.doi.org/10.1086/170641}}

@article{2003PASP..115..928K,
	Adsnote = {Provided by the SAO/NASA Astrophysics Data System},
	Adsurl = {http://adsabs.harvard.edu/abs/2003PASP..115..928K},
	Author = {{Kennicutt}, Jr., R.~C. and {Armus}, L. and {Bendo}, G. and {Calzetti}, D. and {Dale}, D.~A. and {Draine}, B.~T. and {Engelbracht}, C.~W. and {Gordon}, K.~D. and {Grauer}, A.~D. and {Helou}, G. and {Hollenbach}, D.~J. and {Jarrett}, T.~H. and {Kewley}, L.~J. and {Leitherer}, C. and {Li}, A. and {Malhotra}, S. and {Regan}, M.~W. and {Rieke}, G.~H. and {Rieke}, M.~J. and {Roussel}, H. and {Smith}, J.-D.~T. and {Thornley}, M.~D. and {Walter}, F.},
	Date-Added = {2012-10-24 18:57:58 +0000},
	Date-Modified = {2012-10-24 18:57:58 +0000},
	Doi = {10.1086/376941},
	Eprint = {arXiv:astro-ph/0305437},
	Journal = {\pasp},
	Keywords = {ISM: Dust, Extinction, Galaxies: Evolution, Galaxies: ISM, infrared: galaxies, Stars: Formation, Surveys},
	Month = aug,
	Pages = {928-952},
	Title = {{SINGS: The SIRTF Nearby Galaxies Survey}},
	Volume = 115,
	Year = 2003,
	Bdsk-Url-1 = {http://dx.doi.org/10.1086/376941}}

@article{2005ApJ...633..871C,
	Adsnote = {Provided by the SAO/NASA Astrophysics Data System},
	Adsurl = {http://adsabs.harvard.edu/abs/2005ApJ...633..871C},
	Author = {{Calzetti}, D. and {Kennicutt}, Jr., R.~C. and {Bianchi}, L. and {Thilker}, D.~A. and {Dale}, D.~A. and {Engelbracht}, C.~W. and {Leitherer}, C. and {Meyer}, M.~J. and {Sosey}, M.~L. and {Mutchler}, M. and {Regan}, M.~W. and {Thornley}, M.~D. and {Armus}, L. and {Bendo}, G.~J. and {Boissier}, S. and {Boselli}, A. and {Draine}, B.~T. and {Gordon}, K.~D. and {Helou}, G. and {Hollenbach}, D.~J. and {Kewley}, L. and {Madore}, B.~F. and {Martin}, D.~C. and {Murphy}, E.~J. and {Rieke}, G.~H. and {Rieke}, M.~J. and {Roussel}, H. and {Sheth}, K. and {Smith}, J.~D. and {Walter}, F. and {White}, B.~A. and {Yi}, S. and {Scoville}, N.~Z. and {Polletta}, M. and {Lindler}, D.},
	Date-Added = {2012-10-24 18:55:13 +0000},
	Date-Modified = {2012-10-24 18:55:13 +0000},
	Doi = {10.1086/466518},
	Eprint = {arXiv:astro-ph/0507427},
	Journal = {\apj},
	Keywords = {Galaxies: Interactions, Galaxies: ISM, Galaxies: Starburst, ISM: Structure},
	Month = nov,
	Pages = {871-893},
	Title = {{Star Formation in NGC 5194 (M51a): The Panchromatic View from GALEX to Spitzer}},
	Volume = 633,
	Year = 2005,
	Bdsk-Url-1 = {http://dx.doi.org/10.1086/466518}}

@article{2012MNRAS.423..197B,
	Adsnote = {Provided by the SAO/NASA Astrophysics Data System},
	Adsurl = {http://adsabs.harvard.edu/abs/2012MNRAS.423..197B},
	Archiveprefix = {arXiv},
	Author = {{Bendo}, G.~J. and {Galliano}, F. and {Madden}, S.~C.},
	Date-Added = {2012-10-21 23:36:54 +0000},
	Date-Modified = {2012-10-21 23:36:54 +0000},
	Doi = {10.1111/j.1365-2966.2012.20784.x},
	Eprint = {1202.4629},
	Journal = {\mnras},
	Keywords = {catalogues, galaxies: photometry, infrared: galaxies},
	Month = jun,
	Pages = {197-212},
	Primaryclass = {astro-ph.CO},
	Title = {{MIPS 24-160 {$\mu$}m photometry for the Herschel-SPIRE Local Galaxies Guaranteed Time Programs}},
	Volume = 423,
	Year = 2012,
	Bdsk-Url-1 = {http://dx.doi.org/10.1111/j.1365-2966.2012.20784.x}}

@manual{PACS_OM,
	Author = {ESA},
	Date-Added = {2012-10-21 18:42:44 +0000},
	Date-Modified = {2012-11-23 16:41:35 +0000},
	Edition = {HERSCHEL-HSC-DOC-0832, available from the ESA \emph{Herschel} Science Centre},
	Title = {PACS Observer's Manual},
	Year = {2011}}

@article{2000A&A...358..682S,
	Adsnote = {Provided by the SAO/NASA Astrophysics Data System},
	Adsurl = {http://adsabs.harvard.edu/abs/2000A%26A...358..682S},
	Author = {{St{\"o}rzer}, H. and {Zielinsky}, M. and {Stutzki}, J. and {Sternberg}, A.},
	Date-Added = {2012-10-20 22:07:41 +0000},
	Date-Modified = {2012-10-20 22:07:41 +0000},
	Journal = {\aap},
	Keywords = {RADIATIVE TRANSFER, ISM: CLOUDS, ISM: MOLECULES, ISM: STRUCTURE},
	Month = jun,
	Pages = {682-688},
	Title = {{Low-J CO line emission from PDRs: a natural explanation for the narrow range of observed line ratios}},
	Volume = 358,
	Year = 2000}

@article{1996A&A...310..592S,
	Adsnote = {Provided by the SAO/NASA Astrophysics Data System},
	Adsurl = {http://adsabs.harvard.edu/abs/1996A%26A...310..592S},
	Author = {{Stoerzer}, H. and {Stutzki}, J. and {Sternberg}, A.},
	Date-Added = {2012-10-20 21:56:45 +0000},
	Date-Modified = {2012-10-20 21:56:45 +0000},
	Journal = {\aap},
	Keywords = {INTERSTELLAR MEDIUM: CLOUDS, ATOMS, MOLECULES, LINES: FORMATION},
	Month = jun,
	Pages = {592-602},
	Title = {{FUV irradiated molecular clumps: spherical geometry and density gradients.}},
	Volume = 310,
	Year = 1996}

@article{1998ApJ...498..735P,
	Adsnote = {Provided by the SAO/NASA Astrophysics Data System},
	Adsurl = {http://adsabs.harvard.edu/abs/1998ApJ...498..735P},
	Author = {{Pak}, S. and {Jaffe}, D.~T. and {van Dishoeck}, E.~F. and {Johansson}, L.~E.~B. and {Booth}, R.~S.},
	Date-Added = {2012-10-20 21:41:57 +0000},
	Date-Modified = {2012-10-20 21:41:57 +0000},
	Doi = {10.1086/305584},
	Eprint = {arXiv:astro-ph/9712158},
	Journal = {\apj},
	Keywords = {ISM: CLOUDS, ISM: STRUCTURE, RADIO LINES: ISM},
	Month = may,
	Pages = {735},
	Title = {{Molecular Cloud Structure in the Magellanic Clouds: Effect of Metallicity}},
	Volume = 498,
	Year = 1998,
	Bdsk-Url-1 = {http://dx.doi.org/10.1086/305584}}

@article{1997ApJ...482..298L,
	Adsnote = {Provided by the SAO/NASA Astrophysics Data System},
	Adsurl = {http://adsabs.harvard.edu/abs/1997ApJ...482..298L},
	Author = {{Luhman}, M.~L. and {Jaffe}, D.~T. and {Sternberg}, A. and {Herrmann}, F. and {Poglitsch}, A.},
	Date-Added = {2012-10-20 21:07:26 +0000},
	Date-Modified = {2012-10-20 21:07:26 +0000},
	Doi = {10.1086/304128},
	Journal = {\apj},
	Keywords = {INFRARED: ISM: LINES AND BANDS, ISM: CLOUDS, ISM: INDIVIDUAL NAME: ORION, ISM: MOLECULES, MOLECULAR PROCESSES},
	Month = jun,
	Pages = {298},
	Title = {{Near-Infrared H 2 and Associated O 0 and C + Emission from Dense Photon-dominated Regions}},
	Volume = 482,
	Year = 1997,
	Bdsk-Url-1 = {http://dx.doi.org/10.1086/304128}}

@article{2006A&A...451..917R,
	Adsnote = {Provided by the SAO/NASA Astrophysics Data System},
	Adsurl = {http://adsabs.harvard.edu/abs/2006A%26A...451..917R},
	Author = {{R{\"o}llig}, M. and {Ossenkopf}, V. and {Jeyakumar}, S. and {Stutzki}, J. and {Sternberg}, A.},
	Date-Added = {2012-10-20 20:02:36 +0000},
	Date-Modified = {2012-10-20 20:02:36 +0000},
	Doi = {10.1051/0004-6361:20053845},
	Eprint = {arXiv:astro-ph/0601682},
	Journal = {\aap},
	Keywords = {ISM: abundances, ISM: structure, ISM: clouds, ISM: general, galaxies: ISM, galaxies: abundances},
	Month = jun,
	Pages = {917-924},
	Title = {{[CII] 158 {$\mu$}m emission and metallicity in photon dominated regions}},
	Volume = 451,
	Year = 2006,
	Bdsk-Url-1 = {http://dx.doi.org/10.1051/0004-6361:20053845}}

@article{1995ApJS...99..565S,
	Adsnote = {Provided by the SAO/NASA Astrophysics Data System},
	Adsurl = {http://adsabs.harvard.edu/abs/1995ApJS...99..565S},
	Author = {{Sternberg}, A. and {Dalgarno}, A.},
	Date-Added = {2012-10-20 19:50:25 +0000},
	Date-Modified = {2012-10-20 19:50:25 +0000},
	Doi = {10.1086/192198},
	Journal = {\apjs},
	Keywords = {ISM: MOLECULES, MOLECULAR PROCESSES, GALAXIES: ISM},
	Month = aug,
	Pages = {565},
	Title = {{Chemistry in Dense Photon-dominated Regions}},
	Volume = 99,
	Year = 1995,
	Bdsk-Url-1 = {http://dx.doi.org/10.1086/192198}}

@article{1989ApJ...338..197S,
	Adsnote = {Provided by the SAO/NASA Astrophysics Data System},
	Adsurl = {http://adsabs.harvard.edu/abs/1989ApJ...338..197S},
	Author = {{Sternberg}, A. and {Dalgarno}, A.},
	Date-Added = {2012-10-20 19:49:38 +0000},
	Date-Modified = {2012-10-20 19:49:38 +0000},
	Doi = {10.1086/167193},
	Journal = {\apj},
	Keywords = {HYDROGEN, INFRARED SOURCES (ASTRONOMY), INTERSTELLAR GAS, MOLECULAR GASES, ULTRAVIOLET RADIATION, EMISSION SPECTRA, GAS DENSITY, PHOTODISSOCIATION, PLANETARY NEBULAE, RADIATION DISTRIBUTION, RADIATIVE TRANSFER},
	Month = mar,
	Pages = {197-233},
	Title = {{The infrared response of molecular hydrogen gas to ultraviolet radiation - High-density regions}},
	Volume = 338,
	Year = 1989,
	Bdsk-Url-1 = {http://dx.doi.org/10.1086/167193}}

@article{1986ApJS...62..109V,
	Adsnote = {Provided by the SAO/NASA Astrophysics Data System},
	Adsurl = {http://adsabs.harvard.edu/abs/1986ApJS...62..109V},
	Author = {{van Dishoeck}, E.~F. and {Black}, J.~H.},
	Date-Added = {2012-10-20 19:46:21 +0000},
	Date-Modified = {2012-10-20 19:46:21 +0000},
	Doi = {10.1086/191135},
	Journal = {\apjs},
	Keywords = {ASTRONOMICAL MODELS, INTERSTELLAR MATTER, MOLECULAR CLOUDS, STELLAR PHYSICS, ABUNDANCE, DENSITY DISTRIBUTION, EQUATIONS OF STATE, TEMPERATURE DISTRIBUTION},
	Month = sep,
	Pages = {109-145},
	Title = {{Comprehensive models of diffuse interstellar clouds - Physical conditions and molecular abundances}},
	Volume = 62,
	Year = 1986,
	Bdsk-Url-1 = {http://dx.doi.org/10.1086/191135}}

@article{1988ApJ...334..771V,
	Adsnote = {Provided by the SAO/NASA Astrophysics Data System},
	Adsurl = {http://adsabs.harvard.edu/abs/1988ApJ...334..771V},
	Author = {{van Dishoeck}, E.~F. and {Black}, J.~H.},
	Date-Added = {2012-10-20 19:45:44 +0000},
	Date-Modified = {2012-10-20 19:45:44 +0000},
	Doi = {10.1086/166877},
	Journal = {\apj},
	Keywords = {CARBON MONOXIDE, INTERSTELLAR CHEMISTRY, INTERSTELLAR GAS, PHOTODISSOCIATION, HYDROGEN, ISOTOPE EFFECT, RADIATION DISTRIBUTION, ULTRAVIOLET ABSORPTION},
	Month = nov,
	Pages = {771-802},
	Title = {{The photodissociation and chemistry of interstellar CO}},
	Volume = 334,
	Year = 1988,
	Bdsk-Url-1 = {http://dx.doi.org/10.1086/166877}}

@article{1985ApJ...291..722T,
	Adsnote = {Provided by the SAO/NASA Astrophysics Data System},
	Adsurl = {http://adsabs.harvard.edu/abs/1985ApJ...291..722T},
	Author = {{Tielens}, A.~G.~G.~M. and {Hollenbach}, D.},
	Date-Added = {2012-10-17 00:18:29 +0000},
	Date-Modified = {2012-10-17 00:18:29 +0000},
	Doi = {10.1086/163111},
	Journal = {\apj},
	Keywords = {ASTRONOMICAL MODELS, GAS IONIZATION, MOLECULAR CLOUDS, NEBULAE, PHOTODISSOCIATION, ABUNDANCE, BRIGHTNESS TEMPERATURE, EMISSION SPECTRA, FAR ULTRAVIOLET RADIATION, FINE STRUCTURE, GAS DENSITY, GAS TEMPERATURE, H II REGIONS, INFRARED SPECTRA},
	Month = apr,
	Pages = {722-754},
	Title = {{Photodissociation regions. I - Basic model. II - A model for the Orion photodissociation region}},
	Volume = 291,
	Year = 1985,
	Bdsk-Url-1 = {http://dx.doi.org/10.1086/163111}}

@article{2012ApJ...751..144B,
	Adsnote = {Provided by the SAO/NASA Astrophysics Data System},
	Adsurl = {http://adsabs.harvard.edu/abs/2012ApJ...751..144B},
	Archiveprefix = {arXiv},
	Author = {{Beir{\~a}o}, P. and {Armus}, L. and {Helou}, G. and {Appleton}, P.~N. and {Smith}, J.-D.~T. and {Croxall}, K.~V. and {Murphy}, E.~J. and {Dale}, D.~A. and {Draine}, B.~T. and {Wolfire}, M.~G. and {Sandstrom}, K.~M. and {Aniano}, G. and {Bolatto}, A.~D. and {Groves}, B. and {Brandl}, B.~R. and {Schinnerer}, E. and {Crocker}, A.~F. and {Hinz}, J.~L. and {Rix}, H.-W. and {Kennicutt}, R.~C. and {Calzetti}, D. and {Gil de Paz}, A. and {Dumas}, G. and {Galametz}, M. and {Gordon}, K.~D. and {Hao}, C.-N. and {Johnson}, B. and {Koda}, J. and {Krause}, O. and {van der Laan}, T. and {Leroy}, A.~K. and {Li}, Y. and {Meidt}, S.~E. and {Meyer}, J.~D. and {Rahman}, N. and {Roussel}, H. and {Sauvage}, M. and {Srinivasan}, S. and {Vigroux}, L. and {Walter}, F. and {Warren}, B.~E.},
	Date-Added = {2012-10-17 00:01:07 +0000},
	Date-Modified = {2012-10-17 00:01:07 +0000},
	Doi = {10.1088/0004-637X/751/2/144},
	Eid = {144},
	Eprint = {1204.0554},
	Journal = {\apj},
	Keywords = {galaxies: individual: NGC 1097, galaxies: ISM, galaxies: starburst, infrared: galaxies},
	Month = jun,
	Pages = {144},
	Primaryclass = {astro-ph.GA},
	Title = {{A Study of Heating and Cooling of the ISM in NGC 1097 with Herschel-PACS and Spitzer-IRS}},
	Volume = 751,
	Year = 2012,
	Bdsk-Url-1 = {http://dx.doi.org/10.1088/0004-637X/751/2/144}}

@article{2010A&A...518L..60B,
	Adsnote = {Provided by the SAO/NASA Astrophysics Data System},
	Adsurl = {http://adsabs.harvard.edu/abs/2010A%26A...518L..60B},
	Archiveprefix = {arXiv},
	Author = {{Beir{\~a}o}, P. and {Armus}, L. and {Appleton}, P.~N. and {Smith}, J.-D.~T. and {Croxall}, K.~V. and {Murphy}, E.~J. and {Dale}, D.~A. and {Helou}, G. and {Kennicutt}, R.~C. and {Calzetti}, D. and {Bolatto}, A.~D. and {Brandl}, B.~R. and {Crocker}, A.~F. and {Draine}, B.~T. and {Dumas}, G. and {Engelbracht}, C.~W. and {Gil de Paz}, A. and {Gordon}, K.~D. and {Groves}, B. and {Hao}, C.-N. and {Hinz}, J.~L. and {Hunt}, L.~K. and {Johnson}, B.~D. and {Koda}, J. and {Krause}, O. and {Leroy}, A.~K. and {Meidt}, S.~E. and {Richer}, J. and {Rix}, H.-W. and {Rahman}, N. and {Roussel}, H. and {Sandstrom}, K.~M. and {Sauvage}, M. and {Schinnerer}, E. and {Skibba}, R.~A. and {Srinivasan}, S. and {Walter}, F. and {Warren}, B.~E. and {Wilson}, C.~D. and {Wolfire}, M.~G. and {Zibetti}, S.},
	Date-Added = {2012-10-16 23:59:46 +0000},
	Date-Modified = {2012-10-16 23:59:46 +0000},
	Doi = {10.1051/0004-6361/201014592},
	Eid = {L60},
	Eprint = {1005.1611},
	Journal = {\aap},
	Keywords = {photon-dominated region, infrared: galaxies, galaxies: Seyfert, galaxies: starburst, techniques: imaging spectroscopy, galaxies: individual: NGC 1097},
	Month = jul,
	Pages = {L60},
	Primaryclass = {astro-ph.CO},
	Title = {{Far-infrared line imaging of the starburst ring in NGC 1097 with the Herschel/PACS spectrometer}},
	Volume = 518,
	Year = 2010,
	Bdsk-Url-1 = {http://dx.doi.org/10.1051/0004-6361/201014592}}

@article{1997ApJ...491L..27M,
	Adsnote = {Provided by the SAO/NASA Astrophysics Data System},
	Adsurl = {http://adsabs.harvard.edu/abs/1997ApJ...491L..27M},
	Author = {{Malhotra}, S. and {Helou}, G. and {Stacey}, G. and {Hollenbach}, D. and {Lord}, S. and {Beichman}, C.~A. and {Dinerstein}, H. and {Hunter}, D.~A. and {Lo}, K.~Y. and {Lu}, N.~Y. and {Rubin}, R.~H. and {Silbermann}, N. and {Thronson}, Jr., H.~A. and {Werner}, M.~W.},
	Date-Added = {2012-10-16 00:37:56 +0000},
	Date-Modified = {2012-10-16 00:37:56 +0000},
	Doi = {10.1086/311044},
	Journal = {\apjl},
	Keywords = {RADIATION MECHANISMS: THERMAL, ISM: ATOMS, GALAXIES: ISM, INFRARED: ISM: LINES AND BANDS},
	Month = dec,
	Pages = {L27},
	Title = {{Infrared Space Observatory Measurements of [C II Line Variations in Galaxies}},
	Volume = 491,
	Year = 1997,
	Bdsk-Url-1 = {http://dx.doi.org/10.1086/311044}}

@article{1991ApJ...377..192H,
	Adsnote = {Provided by the SAO/NASA Astrophysics Data System},
	Adsurl = {http://adsabs.harvard.edu/abs/1991ApJ...377..192H},
	Author = {{Hollenbach}, D.~J. and {Takahashi}, T. and {Tielens}, A.~G.~G.~M.},
	Date-Added = {2012-09-16 20:03:59 -0400},
	Date-Modified = {2012-09-16 20:03:59 -0400},
	Doi = {10.1086/170347},
	Journal = {\apj},
	Keywords = {INFRARED SPECTRA, INTERSTELLAR CHEMISTRY, INTERSTELLAR GAS, MOLECULAR CLOUDS, PHOTODISSOCIATION, RADIATIVE TRANSFER, CHEMICAL EQUILIBRIUM, FAR ULTRAVIOLET RADIATION, RADIATION DISTRIBUTION, THERMODYNAMIC EQUILIBRIUM},
	Month = aug,
	Pages = {192-209},
	Title = {{Low-density photodissociation regions}},
	Volume = 377,
	Year = 1991,
	Bdsk-Url-1 = {http://dx.doi.org/10.1086/170347}}

@article{1990ApJ...358..116W,
	Adsnote = {Provided by the SAO/NASA Astrophysics Data System},
	Adsurl = {http://adsabs.harvard.edu/abs/1990ApJ...358..116W},
	Author = {{Wolfire}, M.~G. and {Tielens}, A.~G.~G.~M. and {Hollenbach}, D.},
	Date-Added = {2012-09-16 19:53:53 -0400},
	Date-Modified = {2012-09-16 19:53:53 -0400},
	Doi = {10.1086/168966},
	Journal = {\apj},
	Keywords = {GALACTIC NUCLEI, GALACTIC RADIATION, INFRARED SOURCES (ASTRONOMY), INTERSTELLAR MATTER, PHOTODISSOCIATION, FINE STRUCTURE, INFRARED ASTRONOMY SATELLITE, INFRARED SPECTROSCOPY, MOLECULAR CLOUDS, PHYSICAL PROPERTIES},
	Month = jul,
	Pages = {116-131},
	Title = {{Physical conditions in photodissociation regions - Application to galactic nuclei}},
	Volume = 358,
	Year = 1990,
	Bdsk-Url-1 = {http://dx.doi.org/10.1086/168966}}

@article{2005A&A...441..961K,
	Adsnote = {Provided by the SAO/NASA Astrophysics Data System},
	Adsurl = {http://adsabs.harvard.edu/abs/2005A%26A...441..961K},
	Author = {{Kramer}, C. and {Mookerjea}, B. and {Bayet}, E. and {Garcia-Burillo}, S. and {Gerin}, M. and {Israel}, F.~P. and {Stutzki}, J. and {Wouterloot}, J.~G.~A.},
	Date-Added = {2012-09-08 21:12:24 -0400},
	Date-Modified = {2012-09-08 21:12:24 -0400},
	Doi = {10.1051/0004-6361:20053358},
	Eprint = {arXiv:astro-ph/0505627},
	Journal = {\aap},
	Keywords = {galaxies: ISM, galaxies: structure, galaxies:, individual: M 83, M 51, ISM: structure, infrared: galaxies, submillimeter},
	Month = oct,
	Pages = {961-973},
	Title = {{Photon dominated regions in the spiral arms of M 83 and M 51}},
	Volume = 441,
	Year = 2005,
	Bdsk-Url-1 = {http://dx.doi.org/10.1051/0004-6361:20053358}}

@article{2009AstL...35..599T,
	Adsnote = {Provided by the SAO/NASA Astrophysics Data System},
	Adsurl = {http://adsabs.harvard.edu/abs/2009AstL...35..599T},
	Author = {{Tikhonov}, N.~A. and {Galazutdinova}, O.~A. and {Tikhonov}, E.~N.},
	Date-Added = {2012-09-08 19:55:53 -0400},
	Date-Modified = {2012-09-08 19:55:53 -0400},
	Doi = {10.1134/S1063773709090035},
	Journal = {Astronomy Letters},
	Month = sep,
	Pages = {599-608},
	Title = {{Stellar content of the interacting galaxies of the M51 system}},
	Volume = 35,
	Year = 2009,
	Bdsk-Url-1 = {http://dx.doi.org/10.1134/S1063773709090035}}

@article{2001A&A...375..566N,
	Adsnote = {Provided by the SAO/NASA Astrophysics Data System},
	Adsurl = {http://adsabs.harvard.edu/abs/2001A%26A...375..566N},
	Author = {{Negishi}, T. and {Onaka}, T. and {Chan}, K.-W. and {Roellig}, T.~L.},
	Date-Added = {2012-09-08 19:54:00 -0400},
	Date-Modified = {2012-09-08 19:54:00 -0400},
	Doi = {10.1051/0004-6361:20010817},
	Eprint = {arXiv:astro-ph/0107019},
	Journal = {\aap},
	Keywords = {GALAXIES: ISM, INFRARED: ISM, LINES AND BANDS: ISM, RADIATION MECHANISMS: THERMAL},
	Month = aug,
	Pages = {566-578},
	Title = {{Global physical conditions of the interstellar medium in nearby galaxies}},
	Volume = 375,
	Year = 2001,
	Bdsk-Url-1 = {http://dx.doi.org/10.1051/0004-6361:20010817}}

@article{2001ApJ...561..766M,
	Adsnote = {Provided by the SAO/NASA Astrophysics Data System},
	Adsurl = {http://adsabs.harvard.edu/abs/2001ApJ...561..766M},
	Author = {{Malhotra}, S. and {Kaufman}, M.~J. and {Hollenbach}, D. and {Helou}, G. and {Rubin}, R.~H. and {Brauher}, J. and {Dale}, D. and {Lu}, N.~Y. and {Lord}, S. and {Stacey}, G. and {Contursi}, A. and {Hunter}, D.~A. and {Dinerstein}, H.},
	Date-Added = {2012-09-08 19:48:29 -0400},
	Date-Modified = {2012-09-08 19:48:29 -0400},
	Doi = {10.1086/323046},
	Eprint = {arXiv:astro-ph/0106485},
	Journal = {\apj},
	Keywords = {Galaxies: ISM, ISM: H II Regions, ISM: Atoms, ISM: General, ISM: Lines and Bands, Radiation Mechanisms: Thermal},
	Month = nov,
	Pages = {766-786},
	Title = {{Far-Infrared Spectroscopy of Normal Galaxies: Physical Conditions in the Interstellar Medium}},
	Volume = 561,
	Year = 2001,
	Bdsk-Url-1 = {http://dx.doi.org/10.1086/323046}}

@article{2006ApJ...644..283K,
	Adsnote = {Provided by the SAO/NASA Astrophysics Data System},
	Adsurl = {http://adsabs.harvard.edu/abs/2006ApJ...644..283K},
	Author = {{Kaufman}, M.~J. and {Wolfire}, M.~G. and {Hollenbach}, D.~J.},
	Date-Added = {2012-09-08 19:46:47 -0400},
	Date-Modified = {2012-09-08 19:46:47 -0400},
	Doi = {10.1086/503596},
	Journal = {\apj},
	Keywords = {Galaxies: ISM, Infrared: ISM, ISM: Atoms, ISM: Lines and Bands, ISM: Molecules},
	Month = jun,
	Pages = {283-299},
	Title = {{[Si II], [Fe II], [C II], and H$_{2}$ Emission from Massive Star-forming Regions}},
	Volume = 644,
	Year = 2006,
	Bdsk-Url-1 = {http://dx.doi.org/10.1086/503596}}

@article{1999ApJ...527..795K,
	Adsnote = {Provided by the SAO/NASA Astrophysics Data System},
	Adsurl = {http://adsabs.harvard.edu/abs/1999ApJ...527..795K},
	Author = {{Kaufman}, M.~J. and {Wolfire}, M.~G. and {Hollenbach}, D.~J. and {Luhman}, M.~L.},
	Date-Added = {2012-09-08 19:45:51 -0400},
	Date-Modified = {2012-09-08 19:45:51 -0400},
	Doi = {10.1086/308102},
	Eprint = {arXiv:astro-ph/9907255},
	Journal = {\apj},
	Keywords = {GALAXIES: ISM, INFRARED: ISM: LINES AND BANDS, INFRARED: ISM: CONTINUUM, ISM: ATOMS, ISM: MOLECULES, SUBMILLIMETER},
	Month = dec,
	Pages = {795-813},
	Title = {{Far-Infrared and Submillimeter Emission from Galactic and Extragalactic Photodissociation Regions}},
	Volume = 527,
	Year = 1999,
	Bdsk-Url-1 = {http://dx.doi.org/10.1086/308102}}

@article{2007ApJ...657..810D,
	Adsnote = {Provided by the SAO/NASA Astrophysics Data System},
	Adsurl = {http://adsabs.harvard.edu/abs/2007ApJ...657..810D},
	Author = {{Draine}, B.~T. and {Li}, A.},
	Date-Added = {2012-09-08 19:44:24 -0400},
	Date-Modified = {2012-09-08 19:44:24 -0400},
	Doi = {10.1086/511055},
	Eprint = {arXiv:astro-ph/0608003},
	Journal = {\apj},
	Keywords = {ISM: Dust, Extinction, Infrared: Galaxies, Infrared: ISM, Radiation Mechanisms: Thermal},
	Month = mar,
	Pages = {810-837},
	Title = {{Infrared Emission from Interstellar Dust. IV. The Silicate-Graphite-PAH Model in the Post-Spitzer Era}},
	Volume = 657,
	Year = 2007,
	Bdsk-Url-1 = {http://dx.doi.org/10.1086/511055}}

@article{2002ApJ...576..159D,
	Adsnote = {Provided by the SAO/NASA Astrophysics Data System},
	Adsurl = {http://adsabs.harvard.edu/abs/2002ApJ...576..159D},
	Author = {{Dale}, D.~A. and {Helou}, G.},
	Date-Added = {2012-09-08 19:42:05 -0400},
	Date-Modified = {2012-09-08 19:42:05 -0400},
	Doi = {10.1086/341632},
	Eprint = {arXiv:astro-ph/0205085},
	Journal = {\apj},
	Keywords = {ISM: Dust, Extinction, Galaxies: General, Galaxies: ISM, Infrared: Galaxies, Infrared: ISM},
	Month = sep,
	Pages = {159-168},
	Title = {{The Infrared Spectral Energy Distribution of Normal Star-forming Galaxies: Calibration at Far-Infrared and Submillimeter Wavelengths}},
	Volume = 576,
	Year = 2002,
	Bdsk-Url-1 = {http://dx.doi.org/10.1086/341632}}

@article{2012ApJ...747...81C,
	Adsnote = {Provided by the SAO/NASA Astrophysics Data System},
	Adsurl = {http://adsabs.harvard.edu/abs/2012ApJ...747...81C},
	Archiveprefix = {arXiv},
	Author = {{Croxall}, K.~V. and {Smith}, J.~D. and {Wolfire}, M.~G. and {Roussel}, H. and {Sandstrom}, K.~M. and {Draine}, B.~T. and {Aniano}, G. and {Dale}, D.~A. and {Armus}, L. and {Beir{\~a}o}, P. and {Helou}, G. and {Bolatto}, A.~D. and {Appleton}, P.~N. and {Brandl}, B.~R. and {Calzetti}, D. and {Crocker}, A.~F. and {Galametz}, M. and {Groves}, B.~A. and {Hao}, C.-N. and {Hunt}, L.~K. and {Johnson}, B.~D. and {Kennicutt}, R.~C. and {Koda}, J. and {Krause}, O. and {Li}, Y. and {Meidt}, S.~E. and {Murphy}, E.~J. and {Rahman}, N. and {Rix}, H.-W. and {Sauvage}, M. and {Schinnerer}, E. and {Walter}, F. and {Wilson}, C.~D.},
	Date-Added = {2012-09-08 19:40:37 -0400},
	Date-Modified = {2012-09-08 19:40:37 -0400},
	Doi = {10.1088/0004-637X/747/1/81},
	Eid = {81},
	Eprint = {1201.1016},
	Journal = {\apj},
	Keywords = {galaxies: individual: NGC 1097 NGC 4559, galaxies: ISM, ISM: lines and bands},
	Month = mar,
	Pages = {81},
	Primaryclass = {astro-ph.CO},
	Title = {{Resolving the Far-IR Line Deficit: Photoelectric Heating and Far-IR Line Cooling in NGC 1097 and NGC 4559}},
	Volume = 747,
	Year = 2012,
	Bdsk-Url-1 = {http://dx.doi.org/10.1088/0004-637X/747/1/81}}

@article{2008ApJS..178..280B,
	Adsnote = {Provided by the SAO/NASA Astrophysics Data System},
	Adsurl = {http://adsabs.harvard.edu/abs/2008ApJS..178..280B},
	Archiveprefix = {arXiv},
	Author = {{Brauher}, J.~R. and {Dale}, D.~A. and {Helou}, G.},
	Date-Added = {2012-09-08 19:38:49 -0400},
	Date-Modified = {2012-09-08 19:38:49 -0400},
	Doi = {10.1086/590249},
	Eprint = {0805.2930},
	Journal = {\apjs},
	Keywords = {Infrared: Galaxies, Infrared: ISM},
	Month = oct,
	Pages = {280-301},
	Title = {{A Compendium of Far-Infrared Line and Continuum Emission for 227 Galaxies Observed by the Infrared Space Observatory}},
	Volume = 178,
	Year = 2008,
	Bdsk-Url-1 = {http://dx.doi.org/10.1086/590249}}

@article{2011ApJ...728L...7G,
	Adsnote = {Provided by the SAO/NASA Astrophysics Data System},
	Adsurl = {http://adsabs.harvard.edu/abs/2011ApJ...728L...7G},
	Archiveprefix = {arXiv},
	Author = {{Graci{\'a}-Carpio}, J. and {Sturm}, E. and {Hailey-Dunsheath}, S. and {Fischer}, J. and {Contursi}, A. and {Poglitsch}, A. and {Genzel}, R. and {Gonz{\'a}lez-Alfonso}, E. and {Sternberg}, A. and {Verma}, A. and {Christopher}, N. and {Davies}, R. and {Feuchtgruber}, H. and {de Jong}, J.~A. and {Lutz}, D. and {Tacconi}, L.~J.},
	Date-Added = {2012-09-08 17:29:59 -0400},
	Date-Modified = {2012-09-08 17:29:59 -0400},
	Doi = {10.1088/2041-8205/728/1/L7},
	Eid = {L7},
	Eprint = {1101.0628},
	Journal = {\apjl},
	Keywords = {galaxies: evolution, galaxies: ISM, galaxies: starburst, infrared: ISM},
	Month = feb,
	Pages = {L7},
	Primaryclass = {astro-ph.CO},
	Title = {{Far-infrared Line Deficits in Galaxies with Extreme L\_$\{$FIR$\}$/M\_$\{$H\_$\{$2$\}$$\}$ Ratios}},
	Volume = 728,
	Year = 2011,
	Bdsk-Url-1 = {http://dx.doi.org/10.1088/2041-8205/728/1/L7}}

@article{2012ApJ...755..165M,
	Adsnote = {Provided by the SAO/NASA Astrophysics Data System},
	Adsurl = {http://adsabs.harvard.edu/abs/2012ApJ...755..165M},
	Archiveprefix = {arXiv},
	Author = {{Mentuch Cooper}, E. and {Wilson}, C.~D. and {Foyle}, K. and {Bendo}, G. and {Koda}, J. and {Baes}, M. and {Boquien}, M. and {Boselli}, A. and {Ciesla}, L. and {Cooray}, A. and {Eales}, S. and {Galametz}, M. and {Lebouteiller}, V. and {Parkin}, T. and {Roussel}, H. and {Sauvage}, M. and {Spinoglio}, L. and {Smith}, M.~W.~L.},
	Date-Added = {2012-09-08 17:24:39 -0400},
	Date-Modified = {2012-09-08 17:24:39 -0400},
	Doi = {10.1088/0004-637X/755/2/165},
	Eid = {165},
	Eprint = {1206.2989},
	Journal = {\apj},
	Keywords = {galaxies: fundamental parameters, galaxies: general, galaxies: individual: M51a{\amp}solM51b, galaxies: stellar content, infrared: galaxies, techniques: photometric},
	Month = aug,
	Pages = {165},
	Primaryclass = {astro-ph.CO},
	Title = {{Spatially Resolved Stellar, Dust, and Gas Properties of the Post-interacting Whirlpool Galaxy System}},
	Volume = 755,
	Year = 2012,
	Bdsk-Url-1 = {http://dx.doi.org/10.1088/0004-637X/755/2/165}}

@article{2000MNRAS.317..649B,
	Adsnote = {Provided by the SAO/NASA Astrophysics Data System},
	Adsurl = {http://adsabs.harvard.edu/abs/2000MNRAS.317..649B},
	Author = {{Barone}, L.~T. and {Heithausen}, A. and {H{\"u}ttemeister}, S. and {Fritz}, T. and {Klein}, U.},
	Doi = {10.1046/j.1365-8711.2000.03678.x},
	Eprint = {arXiv:astro-ph/0005311},
	Journal = {\mnras},
	Keywords = {GALAXIES: COMPACT, GALAXIES: GENERAL, GALAXIES: ISM, GALAXIES: STARBURST, RADIO LINES: ISM},
	Month = sep,
	Pages = {649-657},
	Title = {{Molecular gas in blue compact dwarf galaxies}},
	Volume = 317,
	Year = 2000,
	Bdsk-Url-1 = {http://dx.doi.org/10.1046/j.1365-8711.2000.03678.x}}

@article{2010A&A...518L..65B,
	Adsnote = {Provided by the SAO/NASA Astrophysics Data System},
	Adsurl = {http://adsabs.harvard.edu/abs/2010A%26A...518L..65B},
	Archiveprefix = {arXiv},
	Author = {{Bendo}, G.~J. and {Wilson}, C.~D. and {Pohlen}, M. and {Sauvage}, M. and {Auld}, R. and {Baes}, M. and {Barlow}, M.~J. and {Bock}, J.~J. and {Boselli}, A. and {Bradford}, M. and {Buat}, V. and {Castro-Rodriguez}, N. and {Chanial}, P. and {Charlot}, S. and {Ciesla}, L. and {Clements}, D.~L. and {Cooray}, A. and {Cormier}, D. and {Cortese}, L. and {Davies}, J.~I. and {Dwek}, E. and {Eales}, S.~A. and {Elbaz}, D. and {Galametz}, M. and {Galliano}, F. and {Gear}, W.~K. and {Glenn}, J. and {Gomez}, H.~L. and {Griffin}, M. and {Hony}, S. and {Isaak}, K.~G. and {Levenson}, L.~R. and {Lu}, N. and {Madden}, S. and {O'Halloran}, B. and {Okumura}, K. and {Oliver}, S. and {Page}, M.~J. and {Panuzzo}, P. and {Papageorgiou}, A. and {Parkin}, T.~J. and {Perez-Fournon}, I. and {Rangwala}, N. and {Rigby}, E.~E. and {Roussel}, H. and {Rykala}, A. and {Sacchi}, N. and {Schulz}, B. and {Schirm}, M.~R.~P. and {Smith}, M.~W.~L. and {Spinoglio}, L. and {Stevens}, J.~A. and {Sundar}, S. and {Symeonidis}, M. and {Trichas}, M. and {Vaccari}, M. and {Vigroux}, L. and {Wozniak}, H. and {Wright}, G.~S. and {Zeilinger}, W.~W.},
	Doi = {10.1051/0004-6361/201014568},
	Eprint = {1005.1889},
	Journal = {\aap},
	Keywords = {galaxies: ISM, galaxies: spiral, galaxies: individual: M81},
	Month = jul,
	Pages = {L65+},
	Primaryclass = {astro-ph.CO},
	Title = {{The Herschel Space Observatory view of dust in M81}},
	Volume = 518,
	Year = 2010,
	Bdsk-Url-1 = {http://dx.doi.org/10.1051/0004-6361/201014568}}

@article{2010MNRAS.402.1409B,
	Adsnote = {Provided by the SAO/NASA Astrophysics Data System},
	Adsurl = {http://adsabs.harvard.edu/abs/2010MNRAS.402.1409B},
	Archiveprefix = {arXiv},
	Author = {{Bendo}, G.~J. and others},
	Doi = {10.1111/j.1365-2966.2009.16043.x},
	Eprint = {0911.3369},
	Journal = {\mnras},
	Keywords = {galaxies: individual: NGC 2403, galaxies: ISM, galaxies: spiral, infrared: galaxies, radio lines: galaxies},
	Month = mar,
	Pages = {1409-1425},
	Primaryclass = {astro-ph.CO},
	Title = {{The JCMT Nearby Galaxies Legacy Survey - III. Comparisons of cold dust, polycyclic aromatic hydrocarbons, molecular gas and atomic gas in NGC 2403}},
	Volume = 402,
	Year = 2010,
	Bdsk-Url-1 = {http://dx.doi.org/10.1111/j.1365-2966.2009.16043.x}}

@article{2010PASP..122..261B,
	Adsnote = {Provided by the SAO/NASA Astrophysics Data System},
	Adsurl = {http://adsabs.harvard.edu/abs/2010PASP..122..261B},
	Archiveprefix = {arXiv},
	Author = {{Boselli}, A. and others},
	Doi = {10.1086/651535},
	Eprint = {1001.5136},
	Journal = {\pasp},
	Keywords = {Galaxies},
	Month = mar,
	Pages = {261-287},
	Primaryclass = {astro-ph.CO},
	Title = {{The Herschel Reference Survey}},
	Volume = 122,
	Year = 2010,
	Bdsk-Url-1 = {http://dx.doi.org/10.1086/651535}}

@article{1992ApJ...387..484B,
	Adsnote = {Provided by the SAO/NASA Astrophysics Data System},
	Adsurl = {http://adsabs.harvard.edu/abs/1992ApJ...387..484B},
	Author = {{Bregman}, J.~N. and {Hogg}, D.~E. and {Roberts}, M.~S.},
	Doi = {10.1086/171101},
	Journal = {\apj},
	Keywords = {COSMIC DUST, GALACTIC RADIATION, INTERSTELLAR EXTINCTION, INTERSTELLAR GAS, X RAYS, CARBON MONOXIDE, HYDROGEN, LINE SPECTRA, NEUTRAL ATOMS, RADIO EMISSION, STAR FORMATION},
	Month = mar,
	Pages = {484-502},
	Title = {{Interstellar matter in early-type galaxies. II - The relationship between gaseous components and galaxy types}},
	Volume = 387,
	Year = 1992,
	Bdsk-Url-1 = {http://dx.doi.org/10.1086/171101}}

@article{1998ApJ...499..670B,
	Adsnote = {Provided by the SAO/NASA Astrophysics Data System},
	Adsurl = {http://adsabs.harvard.edu/abs/1998ApJ...499..670B},
	Author = {{Bregman}, J.~N. and {Snider}, B.~A. and {Grego}, L. and {Cox}, C.~V.},
	Doi = {10.1086/305653},
	Eprint = {arXiv:astro-ph/9802105},
	Journal = {\apj},
	Keywords = {GALAXIES: ELLIPTICAL AND LENTICULAR, CD, GALAXIES: ISM, GALAXIES: PHOTOMETRY, INFRARED: GALAXIES},
	Month = may,
	Pages = {670-+},
	Title = {{Far-Infrared Emission from E and E/S0 Galaxies}},
	Volume = 499,
	Year = 1998,
	Bdsk-Url-1 = {http://dx.doi.org/10.1086/305653}}

@article{2008MNRAS.386.1811C,
	Adsnote = {Provided by the SAO/NASA Astrophysics Data System},
	Adsurl = {http://adsabs.harvard.edu/abs/2008MNRAS.386.1811C},
	Archiveprefix = {arXiv},
	Author = {{Crocker}, A.~F. and {Bureau}, M. and {Young}, L.~M. and {Combes}, F.},
	Doi = {10.1111/j.1365-2966.2008.13177.x},
	Eprint = {0803.0426},
	Journal = {\mnras},
	Keywords = {galaxies: elliptical and lenticular, cD , galaxies: evolution , galaxies: individual: NGC 2768 , galaxies: ISM , galaxies: kinematics and dynamics , galaxies: structure},
	Month = jun,
	Pages = {1811-1820},
	Title = {{The molecular polar disc in NGC 2768}},
	Volume = 386,
	Year = 2008,
	Bdsk-Url-1 = {http://dx.doi.org/10.1111/j.1365-2966.2008.13177.x}}

@article{2009MNRAS.393.1255C,
	Adsnote = {Provided by the SAO/NASA Astrophysics Data System},
	Adsurl = {http://adsabs.harvard.edu/abs/2009MNRAS.393.1255C},
	Archiveprefix = {arXiv},
	Author = {{Crocker}, A.~F. and {Jeong}, H. and {Komugi}, S. and {Combes}, F. and {Bureau}, M. and {Young}, L.~M. and {Yi}, S.},
	Doi = {10.1111/j.1365-2966.2008.14295.x},
	Eprint = {0812.0178},
	Journal = {\mnras},
	Keywords = {galaxies: elliptical and lenticular, cD , galaxies: individual: NGC 4550 , galaxies: ISM , galaxies: kinematics and dynamics , galaxies: stellar content , ultraviolet: galaxies},
	Month = mar,
	Pages = {1255-1264},
	Title = {{Molecular gas and star formation in the red-sequence counter-rotating disc galaxy NGC 4550}},
	Volume = 393,
	Year = 2009,
	Bdsk-Url-1 = {http://dx.doi.org/10.1111/j.1365-2966.2008.14295.x}}

@article{2011MNRAS.410.1197C,
	Adsnote = {Provided by the SAO/NASA Astrophysics Data System},
	Adsurl = {http://adsabs.harvard.edu/abs/2011MNRAS.410.1197C},
	Archiveprefix = {arXiv},
	Author = {{Crocker}, A.~F. and {Bureau}, M. and {Young}, L.~M. and {Combes}, F.},
	Doi = {10.1111/j.1365-2966.2010.17537.x},
	Eprint = {1007.4147},
	Journal = {\mnras},
	Keywords = {galaxies: elliptical and lenticular, cD, galaxies: evolution, galaxies: ISM, galaxies: kinematics and dynamics, galaxies: stellar content},
	Month = jan,
	Pages = {1197-1222},
	Primaryclass = {astro-ph.CO},
	Title = {{Molecular gas and star formation in early-type galaxies}},
	Volume = 410,
	Year = 2011,
	Bdsk-Url-1 = {http://dx.doi.org/10.1111/j.1365-2966.2010.17537.x}}

@inproceedings{2008ASPC..394..650C,
	Adsnote = {Provided by the SAO/NASA Astrophysics Data System},
	Adsurl = {http://adsabs.harvard.edu/abs/2008ASPC..394..650C},
	Author = {{Currie}, M.~J. and {Draper}, P.~W. and {Berry}, D.~S. and {Jenness}, T. and {Cavanagh}, B. and {Economou}, F.},
	Booktitle = {Astronomical Data Analysis Software and Systems XVII},
	Editor = {{R.~W.~Argyle, P.~S.~Bunclark, \& J.~R.~Lewis}},
	Month = aug,
	Pages = {650-+},
	Series = {Astronomical Society of the Pacific Conference Series},
	Title = {{Starlink Software Developments}},
	Volume = 394,
	Year = 2008}

@article{2001ApJ...547..792D,
	Adsnote = {Provided by the SAO/NASA Astrophysics Data System},
	Adsurl = {http://adsabs.harvard.edu/abs/2001ApJ...547..792D},
	Author = {{Dame}, T.~M. and {Hartmann}, D. and {Thaddeus}, P.},
	Doi = {10.1086/318388},
	Eprint = {arXiv:astro-ph/0009217},
	Journal = {\apj},
	Keywords = {Galaxy: Structure, ISM: Clouds, ISM: Molecules, Radio Lines: ISM, Galaxy: Solar Neighborhood, Stars: Formation},
	Month = feb,
	Pages = {792-813},
	Title = {{The Milky Way in Molecular Clouds: A New Complete CO Survey}},
	Volume = 547,
	Year = 2001,
	Bdsk-Url-1 = {http://dx.doi.org/10.1086/318388}}

@book{1991trcb.book.....D,
	Adsnote = {Provided by the SAO/NASA Astrophysics Data System},
	Adsurl = {http://adsabs.harvard.edu/abs/1991trcb.book.....D},
	Author = {{de Vaucouleurs}, G. and {de Vaucouleurs}, A. and {Corwin}, Jr., H.~G. and {Buta}, R.~J. and {Paturel}, G. and {Fouque}, P.},
	Booktitle = {Volume 1-3, XII, 2069 pp.~7 figs..~ Springer-Verlag Berlin Heidelberg New York},
	Keywords = {STERNSYSTEM, CATALOGS, BRIGHT GALAXIES},
	Publisher = {Springer-Verlag, New York},
	Title = {{Third Reference Catalogue of Bright Galaxies}},
	Year = 1991}

@article{1993ApJ...414L..13D,
	Adsnote = {Provided by the SAO/NASA Astrophysics Data System},
	Adsurl = {http://adsabs.harvard.edu/abs/1993ApJ...414L..13D},
	Author = {{Downes}, D. and {Solomon}, P.~M. and {Radford}, S.~J.~E.},
	Doi = {10.1086/186984},
	Journal = {\apjl},
	Keywords = {EMISSION SPECTRA, GALACTIC STRUCTURE, INTERPLANETARY GAS, MASS DISTRIBUTION, MOLECULAR GASES, ASTRONOMICAL MODELS, CARBON MONOXIDE, INFRARED ASTRONOMY, LUMINOSITY},
	Month = sep,
	Pages = {L13-L16},
	Title = {{Molecular gas mass and far-infrared emission from distant luminous galaxies}},
	Volume = 414,
	Year = 1993,
	Bdsk-Url-1 = {http://dx.doi.org/10.1086/186984}}

@article{1998ApJ...507..615D,
	Adsnote = {Provided by the SAO/NASA Astrophysics Data System},
	Adsurl = {http://adsabs.harvard.edu/abs/1998ApJ...507..615D},
	Author = {{Downes}, D. and {Solomon}, P.~M.},
	Doi = {10.1086/306339},
	Eprint = {arXiv:astro-ph/9806377},
	Journal = {\apj},
	Keywords = {GALAXIES: ISM, GALAXIES: KINEMATICS AND DYNAMICS, GALAXIES: NUCLEI, RADIO LINES: GALAXIES},
	Month = nov,
	Pages = {615-654},
	Title = {{Rotating Nuclear Rings and Extreme Starbursts in Ultraluminous Galaxies}},
	Volume = 507,
	Year = 1998,
	Bdsk-Url-1 = {http://dx.doi.org/10.1086/306339}}

@article{2007ApJ...663..866D,
	Adsnote = {Provided by the SAO/NASA Astrophysics Data System},
	Adsurl = {http://adsabs.harvard.edu/abs/2007ApJ...663..866D},
	Author = {{Draine}, B.~T. and others},
	Doi = {10.1086/518306},
	Eprint = {arXiv:astro-ph/0703213},
	Journal = {\apj},
	Keywords = {ISM: Dust, Extinction, Galaxies: Abundances, Galaxies: General, Galaxies: ISM, Infrared: Galaxies, ISM: General},
	Month = jul,
	Pages = {866-894},
	Title = {{Dust Masses, PAH Abundances, and Starlight Intensities in the SINGS Galaxy Sample}},
	Volume = 663,
	Year = 2007,
	Bdsk-Url-1 = {http://dx.doi.org/10.1086/518306}}

@article{1988AJ.....95..422E,
	Adsnote = {Provided by the SAO/NASA Astrophysics Data System},
	Adsurl = {http://adsabs.harvard.edu/abs/1988AJ.....95..422E},
	Author = {{Ebneter}, K. and {Davis}, M. and {Djorgovski}, S.},
	Doi = {10.1086/114644},
	Journal = {\aj},
	Keywords = {ASTRONOMICAL PHOTOMETRY, COSMIC DUST, ELLIPTICAL GALAXIES, GALACTIC EVOLUTION, GALACTIC STRUCTURE, STAR FORMATION, CHARGE COUPLED DEVICES, DENSITY DISTRIBUTION, IMAGE PROCESSING, SIGNAL TO NOISE RATIOS},
	Month = feb,
	Pages = {422-437},
	Title = {{A search for features in early-type galaxies}},
	Volume = 95,
	Year = 1988,
	Bdsk-Url-1 = {http://dx.doi.org/10.1086/114644}}

@article{1981ApJ...251...31F,
	Adsnote = {Provided by the SAO/NASA Astrophysics Data System},
	Adsurl = {http://adsabs.harvard.edu/abs/1981ApJ...251...31F},
	Author = {{Feigelson}, E.~D. and {Schreier}, E.~J. and {Delvaille}, J.~P. and {Giacconi}, R. and {Grindlay}, J.~E. and {Lightman}, A.~P.},
	Doi = {10.1086/159439},
	Journal = {\apj},
	Keywords = {GALACTIC NUCLEI, GALACTIC STRUCTURE, RADIO GALAXIES, X RAY SOURCES, COMPTON EFFECT, LUMINOUS INTENSITY, MAIN SEQUENCE STARS, SYNCHROTRON RADIATION},
	Month = dec,
	Pages = {31-51},
	Title = {{The X-ray structure of Centaurus A}},
	Volume = 251,
	Year = 1981,
	Bdsk-Url-1 = {http://dx.doi.org/10.1086/159439}}

@article{2007ApJ...654..186F,
	Adsnote = {Provided by the SAO/NASA Astrophysics Data System},
	Adsurl = {http://adsabs.harvard.edu/abs/2007ApJ...654..186F},
	Author = {{Ferrarese}, L. and {Mould}, J.~R. and {Stetson}, P.~B. and {Tonry}, J.~L. and {Blakeslee}, J.~P. and {Ajhar}, E.~A.},
	Doi = {10.1086/506612},
	Eprint = {arXiv:astro-ph/0605707},
	Journal = {\apj},
	Keywords = {Stars: Variables: Cepheids, Cosmology: Distance Scale, Galaxies: Distances and Redshifts, Galaxies: Individual: NGC Number: NGC 5128},
	Month = jan,
	Pages = {186-218},
	Title = {{The Discovery of Cepheids and a Distance to NGC 5128}},
	Volume = 654,
	Year = 2007,
	Bdsk-Url-1 = {http://dx.doi.org/10.1086/506612}}

@article{1993ApJ...415...75F,
	Adsnote = {Provided by the SAO/NASA Astrophysics Data System},
	Adsurl = {http://adsabs.harvard.edu/abs/1993ApJ...415...75F},
	Author = {{Fich}, M. and {Hodge}, P.},
	Doi = {10.1086/173144},
	Journal = {\apj},
	Keywords = {CONTINUOUS RADIATION, ELLIPTICAL GALAXIES, EMISSION SPECTRA, GALACTIC RADIO WAVES, INTERSTELLAR EXTINCTION, INFRARED SOURCES (ASTRONOMY), MILLIMETER WAVES, SUBMILLIMETER WAVES},
	Month = sep,
	Pages = {75-81},
	Title = {{Millimeter and submillimeter continuum emission from early-type galaxies}},
	Volume = 415,
	Year = 1993,
	Bdsk-Url-1 = {http://dx.doi.org/10.1086/173144}}

@article{2010MNRAS.407.2475F,
	Adsnote = {Provided by the SAO/NASA Astrophysics Data System},
	Adsurl = {http://adsabs.harvard.edu/abs/2010MNRAS.407.2475F},
	Archiveprefix = {arXiv},
	Author = {{Finkelman}, I. and {Brosch}, N. and {Funes}, J.~G. and {Kniazev}, A.~Y. and {V{\"a}is{\"a}nen}, P.},
	Doi = {10.1111/j.1365-2966.2010.17070.x},
	Eprint = {1005.4227},
	Journal = {\mnras},
	Keywords = {dust, extinction, galaxies: elliptical and lenticular, cD, galaxies: ISM},
	Month = oct,
	Pages = {2475-2500},
	Primaryclass = {astro-ph.CO},
	Title = {{Ionized gas in E/S0 galaxies with dust lanes}},
	Volume = 407,
	Year = 2010,
	Bdsk-Url-1 = {http://dx.doi.org/10.1111/j.1365-2966.2010.17070.x}}

@article{2010A&A...518L...3G,
	Adsnote = {Provided by the SAO/NASA Astrophysics Data System},
	Adsurl = {http://adsabs.harvard.edu/abs/2010A%26A...518L...3G},
	Archiveprefix = {arXiv},
	Author = {{Griffin}, M.~J. and others},
	Doi = {10.1051/0004-6361/201014519},
	Eprint = {1005.5123},
	Journal = {\aap},
	Keywords = {instrumentation: photometers, instrumentation: spectrographs, space vehicles: instruments, submillimeter: general},
	Month = jul,
	Pages = {L3},
	Primaryclass = {astro-ph.IM},
	Title = {{The Herschel-SPIRE instrument and its in-flight performance}},
	Volume = 518,
	Year = 2010,
	Bdsk-Url-1 = {http://dx.doi.org/10.1051/0004-6361/201014519}}

@article{1995A&A...298..784G,
	Adsnote = {Provided by the SAO/NASA Astrophysics Data System},
	Adsurl = {http://adsabs.harvard.edu/abs/1995A%26A...298..784G},
	Author = {{Goudfrooij}, P. and {de Jong}, T.},
	Eprint = {arXiv:astro-ph/9504011},
	Journal = {\aap},
	Keywords = {GALAXIES: (GIANT) ELLIPTICAL, ELLIPTICAL GALAXIES: COLOURS, INTERSTELLAR MATTER, STRUCTURE},
	Month = jun,
	Pages = {784-+},
	Title = {{Interstellar matter in Shapley-Ames elliptical galaxies. IV. A diffusely distributed component of dust and its effect on colour gradients.}},
	Volume = 298,
	Year = 1995}

@article{2010PASA...27..475H,
	Adsnote = {Provided by the SAO/NASA Astrophysics Data System},
	Adsurl = {http://adsabs.harvard.edu/abs/2010PASA...27..475H},
	Archiveprefix = {arXiv},
	Author = {{Harris}, G.~L.~H.},
	Doi = {10.1071/AS09063},
	Eprint = {1004.4907},
	Journal = {\pasa},
	Keywords = {Galaxies: distances, galaxies: stellar content and star clusters, galaxies: individual (NGC 5128),},
	Month = oct,
	Pages = {475-481},
	Primaryclass = {astro-ph.GA},
	Title = {{NGC 5128: The Giant Beneath}},
	Volume = 27,
	Year = 2010,
	Bdsk-Url-1 = {http://dx.doi.org/10.1071/AS09063}}

@article{2010PASA...27..457H,
	Adsnote = {Provided by the SAO/NASA Astrophysics Data System},
	Adsurl = {http://adsabs.harvard.edu/abs/2010PASA...27..457H},
	Archiveprefix = {arXiv},
	Author = {{Harris}, G.~L.~H. and {Rejkuba}, M. and {Harris}, W.~E.},
	Doi = {10.1071/AS09061},
	Eprint = {0911.3180},
	Journal = {\pasa},
	Keywords = {Galaxies: distances and redshifts, galaxies: individual (NGC 5128), galaxies: stellar content},
	Month = oct,
	Pages = {457-462},
	Primaryclass = {astro-ph.GA},
	Title = {{The Distance to NGC 5128 (Centaurus A)}},
	Volume = 27,
	Year = 2010,
	Bdsk-Url-1 = {http://dx.doi.org/10.1071/AS09061}}

@article{1993MNRAS.260..844H,
	Adsnote = {Provided by the SAO/NASA Astrophysics Data System},
	Adsurl = {http://adsabs.harvard.edu/abs/1993MNRAS.260..844H},
	Author = {{Hawarden}, T.~G. and {Sandell}, G. and {Matthews}, H.~E. and {Friberg}, P. and {Watt}, G.~D. and {Smith}, P.~A.},
	Journal = {\mnras},
	Keywords = {ACTIVE GALACTIC NUCLEI, ASTRONOMICAL MAPS, ASTRONOMICAL PHOTOMETRY, RADIO GALAXIES, SUBMILLIMETER WAVES, GALACTIC RADIATION, INFRARED IMAGERY, INFRARED SPECTRA},
	Month = feb,
	Pages = {844-854},
	Title = {{Structure of NGC 5128 (Centaurus A) at submillimetre wavelengths}},
	Volume = 260,
	Year = 1993}

@article{1994A&A...286..389H,
	Adsnote = {Provided by the SAO/NASA Astrophysics Data System},
	Adsurl = {http://adsabs.harvard.edu/abs/1994A%26A...286..389H},
	Author = {{Huchtmeier}, W.~K.},
	Journal = {\aap},
	Keywords = {ELLIPTICAL GALAXIES, EMISSION SPECTRA, GALACTIC EVOLUTION, HYDROGEN, INTERACTING GALAXIES, INTERSTELLAR MATTER, LINE SPECTRA, RADIO ASTRONOMY, RADIO SPECTRA, DECIMETER WAVES, RADIAL VELOCITY, ULTRAHIGH FREQUENCIES},
	Month = jun,
	Pages = {389-394},
	Title = {{Neutral hydrogen observations of elliptical galaxies}},
	Volume = 286,
	Year = 1994}

@article{1995A&A...300..675H,
	Adsnote = {Provided by the SAO/NASA Astrophysics Data System},
	Adsurl = {http://adsabs.harvard.edu/abs/1995A%26A...300..675H},
	Author = {{Huchtmeier}, W.~K. and {Sage}, L.~J. and {Henkel}, C.},
	Journal = {\aap},
	Keywords = {GALAXIES: ELLIPTICAL, GALAXIES: EVOLUTION, GALAXIES: INTERACTIONS, GALAXIES: INTERSTELLAR MATTER, RADIO LINES: ATOMIC},
	Month = aug,
	Pages = {675-+},
	Title = {{Neutral hydrogen observations of elliptical galaxies. II. The IRAS sample.}},
	Volume = 300,
	Year = 1995}

@article{1990A&A...227..342I,
	Adsnote = {Provided by the SAO/NASA Astrophysics Data System},
	Adsurl = {http://adsabs.harvard.edu/abs/1990A%26A...227..342I},
	Author = {{Israel}, F.~P. and {van Dishoeck}, E.~F. and {Baas}, F. and {Koornneef}, J. and {Black}, J.~H. and {de Graauw}, T.},
	Journal = {\aap},
	Keywords = {CARBON MONOXIDE, ELLIPTICAL GALAXIES, HYDROGEN CLOUDS, RADIO SOURCES (ASTRONOMY), ABSORPTION SPECTRA, CENTAURUS CONSTELLATION, DENSITY DISTRIBUTION, EMISSION SPECTRA, GALACTIC NUCLEI, GALACTIC STRUCTURE, INTERSTELLAR MATTER, LUMINOSITY, NEAR INFRARED RADIATION},
	Month = jan,
	Pages = {342-350},
	Title = {{H2 emission and CO absorption in Centaurus A - Evidence for a circumnuclear molecular disk}},
	Volume = 227,
	Year = 1990}

@article{1991A&A...245L..13I,
	Adsnote = {Provided by the SAO/NASA Astrophysics Data System},
	Adsurl = {http://adsabs.harvard.edu/abs/1991A%26A...245L..13I},
	Author = {{Israel}, F.~P. and {van Dishoeck}, E.~F. and {Baas}, F. and {de Graauw}, T. and {Phillips}, T.~G.},
	Journal = {\aap},
	Keywords = {ABSORPTION SPECTRA, ASTRONOMICAL SPECTROSCOPY, CARBON MONOXIDE, GALACTIC NUCLEI, MOLECULAR SPECTRA, SPECTRAL EMISSION, EMISSION SPECTRA, FORMYL IONS, INFRARED RADIATION, QUANTUM NUMBERS, RED SHIFT, ROTATIONAL SPECTRA, SIGNAL TO NOISE RATIOS},
	Month = may,
	Pages = {L13-L16},
	Title = {{CO J = 1-0, 2-1 and 3-2 absorption and emission toward the nucleus of Centaurus A(asterisk) - Probing the circumnuclear disk}},
	Volume = 245,
	Year = 1991}

@article{1997A&A...328..471I,
	Adsnote = {Provided by the SAO/NASA Astrophysics Data System},
	Adsurl = {http://adsabs.harvard.edu/abs/1997A%26A...328..471I},
	Author = {{Israel}, F.~P.},
	Eprint = {arXiv:astro-ph/9709194},
	Journal = {\aap},
	Keywords = {GALAXIES: INDIVIDUAL: LMC, SMC, GALAXIES: ISM, IRREGULAR, MAGELLANIC CLOUDS, INFRARED: ISM: CONTINUUM, ISM: MOLECULES},
	Month = dec,
	Pages = {471-482},
	Title = {{H\_2 and its relation to CO in the LMC and other magellanic irregular galaxies}},
	Volume = 328,
	Year = 1997}

@article{1998A&ARv...8..237I,
	Adsnote = {Provided by the SAO/NASA Astrophysics Data System},
	Adsurl = {http://adsabs.harvard.edu/abs/1998A%26ARv...8..237I},
	Author = {{Israel}, F.~P.},
	Doi = {10.1007/s001590050011},
	Eprint = {arXiv:astro-ph/9811051},
	Journal = {\aapr},
	Keywords = {Galaxies: active (11.01.2), Galaxies: individual: NGC 5128 (11.09.1), Galaxies: jets (11.10.1), Infrared: galaxies (13.09.1), Radio continuum: galaxies (13.18.1), X-rays: galaxies (13.25.2)},
	Pages = {237-278},
	Title = {{Centaurus A - NGC 5128}},
	Volume = 8,
	Year = 1998,
	Bdsk-Url-1 = {http://dx.doi.org/10.1007/s001590050011}}

@inproceedings{2000mhs..conf..293I,
	Adsnote = {Provided by the SAO/NASA Astrophysics Data System},
	Adsurl = {http://adsabs.harvard.edu/abs/2000mhs..conf..293I},
	Author = {{Israel}, F.},
	Booktitle = {Molecular Hydrogen in Space},
	Editor = {{F.~Combes \& G.~Pineau Des Forets}},
	Eprint = {arXiv:astro-ph/0001250},
	Pages = {293-+},
	Title = {{Extragalactic H$_{2}$ and its Variable Relation to CO}},
	Year = 2000}

@article{2003A&A...397...87I,
	Adsnote = {Provided by the SAO/NASA Astrophysics Data System},
	Adsurl = {http://adsabs.harvard.edu/abs/2003A%26A...397...87I},
	Author = {{Israel}, F.~P. and {Baas}, F. and {Rudy}, R.~J. and {Skillman}, E.~D. and {Woodward}, C.~E.},
	Doi = {10.1051/0004-6361:20021464},
	Eprint = {arXiv:astro-ph/0210154},
	Journal = {\aap},
	Keywords = {galaxies: individual: NGC 6822, galaxies: ISM, galaxies: irregular, galaxies: Local Group, radio lines: ISM, ISM: molecules},
	Month = jan,
	Pages = {87-97},
	Title = {{Dust and molecules in the Local Group galaxy NGC 6822. III. The first-ranked HII region complex Hubble V}},
	Volume = 397,
	Year = 2003,
	Bdsk-Url-1 = {http://dx.doi.org/10.1051/0004-6361:20021464}}

@article{2005A&A...438..855I,
	Adsnote = {Provided by the SAO/NASA Astrophysics Data System},
	Adsurl = {http://adsabs.harvard.edu/abs/2005A%26A...438..855I},
	Author = {{Israel}, F.~P.},
	Doi = {10.1051/0004-6361:20042237},
	Eprint = {arXiv:astro-ph/0504569},
	Journal = {\aap},
	Keywords = {galaxies: abundances, ISM: abundances, ISM: molecules, galaxies: irregular, submillimeter},
	Month = aug,
	Pages = {855-866},
	Title = {{Molecular gas in compact galaxies}},
	Volume = 438,
	Year = 2005,
	Bdsk-Url-1 = {http://dx.doi.org/10.1051/0004-6361:20042237}}

@article{2000ApJ...545..327J,
	Adsnote = {Provided by the SAO/NASA Astrophysics Data System},
	Adsurl = {http://adsabs.harvard.edu/abs/2000ApJ...545..327J},
	Author = {{Johnstone}, D. and {Wilson}, C.~D. and {Moriarty-Schieven}, G. and {Joncas}, G. and {Smith}, G. and {Gregersen}, E. and {Fich}, M.},
	Doi = {10.1086/317790},
	Journal = {\apj},
	Keywords = {Infrared: ISM: Continuum, ISM: individual ({$\rho$} Ophiuchi), ISM: Structure, Stars: Formation, Submillimeter},
	Month = dec,
	Pages = {327-339},
	Title = {{Large-Area Mapping at 850 Microns. II. Analysis of the Clump Distribution in the {$\rho$} Ophiuchi Molecular Cloud}},
	Volume = 545,
	Year = 2000,
	Bdsk-Url-1 = {http://dx.doi.org/10.1086/317790}}

@article{1988ApJ...326..662J,
	Adsnote = {Provided by the SAO/NASA Astrophysics Data System},
	Adsurl = {http://adsabs.harvard.edu/abs/1988ApJ...326..662J},
	Author = {{Joy}, M. and {Lester}, D.~F. and {Harvey}, P.~M. and {Ellis}, H.~B.},
	Doi = {10.1086/166125},
	Journal = {\apj},
	Keywords = {COSMIC DUST, ELLIPTICAL GALAXIES, FAR INFRARED RADIATION, GALACTIC RADIATION, INFRARED SOURCES (ASTRONOMY), ACTIVE GALACTIC NUCLEI, LUMINOSITY, POINT SOURCES, STELLAR RADIATION},
	Month = mar,
	Pages = {662-667},
	Title = {{The origin of the infrared luminosity in Centaurus A}},
	Volume = 326,
	Year = 1988,
	Bdsk-Url-1 = {http://dx.doi.org/10.1086/166125}}

@article{1986ApJ...306..483J,
	Adsnote = {Provided by the SAO/NASA Astrophysics Data System},
	Adsurl = {http://adsabs.harvard.edu/abs/1986ApJ...306..483J},
	Author = {{Jura}, M.},
	Doi = {10.1086/164358},
	Journal = {\apj},
	Keywords = {GALAXIES, INFRARED ASTRONOMY, INTERSTELLAR MATTER, STELLAR EVOLUTION, COSMIC DUST, X RAY SOURCES},
	Month = jul,
	Pages = {483-489},
	Title = {{Cool interstellar matter in early-type galaxies}},
	Volume = 306,
	Year = 1986,
	Bdsk-Url-1 = {http://dx.doi.org/10.1086/164358}}

@article{1987ApJ...312L..11J,
	Adsnote = {Provided by the SAO/NASA Astrophysics Data System},
	Adsurl = {http://adsabs.harvard.edu/abs/1987ApJ...312L..11J},
	Author = {{Jura}, M. and {Kim}, D.~W. and {Knapp}, G.~R. and {Guhathakurta}, P.},
	Doi = {10.1086/184810},
	Journal = {\apjl},
	Keywords = {COSMIC DUST, ELLIPTICAL GALAXIES, GALACTIC STRUCTURE, INTERSTELLAR MATTER, ASTRONOMICAL CATALOGS, INFRARED ASTRONOMY, INFRARED ASTRONOMY SATELLITE, INTERSTELLAR GAS, SPACEBORNE ASTRONOMY},
	Month = jan,
	Pages = {L11-L15},
	Title = {{Interstellar dust in Shapley-Ames elliptical galaxies}},
	Volume = 312,
	Year = 1987,
	Bdsk-Url-1 = {http://dx.doi.org/10.1086/184810}}

@article{2009A&A...502L...5K,
	Adsnote = {Provided by the SAO/NASA Astrophysics Data System},
	Adsurl = {http://adsabs.harvard.edu/abs/2009A%26A...502L...5K},
	Archiveprefix = {arXiv},
	Author = {{Kainulainen}, J.~T. and {Alves}, J.~F. and {Beletsky}, Y. and {Ascenso}, J. and {Kainulainen}, J.~M. and {Amorim}, A. and {Lima}, J. and {Marques}, R. and {Moitinho}, A. and {Pinh{\~a}o}, J. and {Rebord{\~a}o}, J. and {Santos}, F.~D.},
	Doi = {10.1051/0004-6361/200912624},
	Eprint = {0906.3521},
	Journal = {\aap},
	Keywords = {ISM: dust, extinction, galaxies: individual: NGC 5128, galaxies: ISM, galaxies: structure, infrared: galaxies},
	Month = aug,
	Pages = {L5-L8},
	Primaryclass = {astro-ph.GA},
	Title = {{Uncovering the kiloparsec-scale stellar ring of NGC 5128}},
	Volume = 502,
	Year = 2009,
	Bdsk-Url-1 = {http://dx.doi.org/10.1051/0004-6361/200912624}}

@article{1985AJ.....90..454K,
	Adsnote = {Provided by the SAO/NASA Astrophysics Data System},
	Adsurl = {http://adsabs.harvard.edu/abs/1985AJ.....90..454K},
	Author = {{Knapp}, G.~R. and {Turner}, E.~L. and {Cunniffe}, P.~E.},
	Doi = {10.1086/113751},
	Journal = {\aj},
	Keywords = {ASTRONOMICAL CATALOGS, ELLIPTICAL GALAXIES, HYDROGEN CLOUDS, NEUTRAL GASES, STATISTICAL DISTRIBUTIONS, DISTRIBUTION FUNCTIONS, HISTOGRAMS},
	Month = mar,
	Pages = {454-468},
	Title = {{The statistical distribution of the neutral-hydrogen content of elliptical galaxies}},
	Volume = 90,
	Year = 1985,
	Bdsk-Url-1 = {http://dx.doi.org/10.1086/113751}}

@article{1989ApJS...70..329K,
	Adsnote = {Provided by the SAO/NASA Astrophysics Data System},
	Adsurl = {http://adsabs.harvard.edu/abs/1989ApJS...70..329K},
	Author = {{Knapp}, G.~R. and {Guhathakurta}, P. and {Kim}, D.-W. and {Jura}, M.~A.},
	Doi = {10.1086/191342},
	Journal = {\apjs},
	Keywords = {ASTRONOMICAL CATALOGS, GALACTIC STRUCTURE, INFRARED SOURCES (ASTRONOMY), INTERSTELLAR MATTER, ELLIPTICAL GALAXIES, GALACTIC EVOLUTION, INFRARED ASTRONOMY SATELLITE, SPIRAL GALAXIES},
	Month = jun,
	Pages = {329-387},
	Title = {{Interstellar matter in early-type galaxies. I - IRAS flux densities}},
	Volume = 70,
	Year = 1989,
	Bdsk-Url-1 = {http://dx.doi.org/10.1086/191342}}

@article{1996ApJ...460..271K,
	Adsnote = {Provided by the SAO/NASA Astrophysics Data System},
	Adsurl = {http://adsabs.harvard.edu/abs/1996ApJ...460..271K},
	Author = {{Knapp}, G.~R. and {Rupen}, M.~P.},
	Doi = {10.1086/176967},
	Journal = {\apj},
	Keywords = {GALAXIES: ELLIPTICAL AND LENTICULAR, CD, GALAXIES: ISM, INFRARED: GALAXIES, ISM: MOLECULES},
	Month = mar,
	Pages = {271-+},
	Title = {{Molecular Gas in Elliptical Galaxies: CO Observations of an IRAS Flux-limited Sample}},
	Volume = 460,
	Year = 1996,
	Bdsk-Url-1 = {http://dx.doi.org/10.1086/176967}}

@inproceedings{1999ASPC..163..119K,
	Adsnote = {Provided by the SAO/NASA Astrophysics Data System},
	Adsurl = {http://adsabs.harvard.edu/abs/1999ASPC..163..119K},
	Author = {{Knapp}, G.~R.},
	Booktitle = {Star Formation in Early Type Galaxies},
	Editor = {{P.~Carral \& J.~Cepa}},
	Eprint = {arXiv:astro-ph/9808266},
	Pages = {119-+},
	Series = {Astronomical Society of the Pacific Conference Series},
	Title = {{Cold Gas and Star Formation in Elliptical Galaxies}},
	Volume = 163,
	Year = 1999}

@article{1991ApJ...379..177L,
	Adsnote = {Provided by the SAO/NASA Astrophysics Data System},
	Adsurl = {http://adsabs.harvard.edu/abs/1991ApJ...379..177L},
	Author = {{Lees}, J.~F. and {Knapp}, G.~R. and {Rupen}, M.~P. and {Phillips}, T.~G.},
	Doi = {10.1086/170494},
	Journal = {\apj},
	Keywords = {ABUNDANCE, ELLIPTICAL GALAXIES, GALACTIC RADIATION, INTERSTELLAR GAS, MOLECULAR GASES, CARBON MONOXIDE, EMISSION SPECTRA, FAR INFRARED RADIATION, H ALPHA LINE, LINE SPECTRA},
	Month = sep,
	Pages = {177-215},
	Title = {{Molecular gas in elliptical galaxies}},
	Volume = 379,
	Year = 1991,
	Bdsk-Url-1 = {http://dx.doi.org/10.1086/170494}}

@article{2002ApJ...565..131L,
	Adsnote = {Provided by the SAO/NASA Astrophysics Data System},
	Adsurl = {http://adsabs.harvard.edu/abs/2002ApJ...565..131L},
	Author = {{Leeuw}, L.~L. and {Hawarden}, T.~G. and {Matthews}, H.~E. and {Robson}, E.~I. and {Eckart}, A.},
	Doi = {10.1086/324494},
	Eprint = {arXiv:astro-ph/0110476},
	Journal = {\apj},
	Keywords = {ISM: Dust, Extinction, Galaxies: Active, galaxies: individual (Centaurus A, NGC 5128), Galaxies: Structure, Radiation Mechanisms: Thermal, Submillimeter},
	Month = jan,
	Pages = {131-139},
	Title = {{Deep Submillimeter Imaging of Dust Structures in Centaurus A}},
	Volume = 565,
	Year = 2002,
	Bdsk-Url-1 = {http://dx.doi.org/10.1086/324494}}

@article{2008ApJ...677..249L,
	Adsnote = {Provided by the SAO/NASA Astrophysics Data System},
	Adsurl = {http://adsabs.harvard.edu/abs/2008ApJ...677..249L},
	Archiveprefix = {arXiv},
	Author = {{Leeuw}, L.~L. and {Davidson}, J. and {Dowell}, C.~D. and {Matthews}, H.~E.},
	Doi = {10.1086/528838},
	Eprint = {0801.0591},
	Journal = {\apj},
	Keywords = {Galaxies: Elliptical and Lenticular, cD, Galaxies: ISM, Galaxies: Photometry, Infrared: Galaxies, Radio Continuum: Galaxies, Submillimeter},
	Month = apr,
	Pages = {249-261},
	Title = {{Spatially Resolved Imaging at 350 {$\mu$}m of Cold Dust in Nearby Elliptical Galaxies}},
	Volume = 677,
	Year = 2008,
	Bdsk-Url-1 = {http://dx.doi.org/10.1086/528838}}

@article{2011ApJ...737...12L,
	Adsnote = {Provided by the SAO/NASA Astrophysics Data System},
	Adsurl = {http://adsabs.harvard.edu/abs/2011ApJ...737...12L},
	Archiveprefix = {arXiv},
	Author = {{Leroy}, A.~K. and {Bolatto}, A. and {Gordon}, K. and {Sandstrom}, K. and {Gratier}, P. and {Rosolowsky}, E. and {Engelbracht}, C.~W. and {Mizuno}, N. and {Corbelli}, E. and {Fukui}, Y. and {Kawamura}, A.},
	Doi = {10.1088/0004-637X/737/1/12},
	Eprint = {1102.4618},
	Journal = {\apj},
	Keywords = {dust, extinction, galaxies: ISM, ISM: clouds, ISM: molecules, Local Group},
	Month = aug,
	Pages = {12-+},
	Primaryclass = {astro-ph.CO},
	Title = {{The CO-to-H_{2} Conversion Factor from Infrared Dust Emission across the Local Group}},
	Volume = 737,
	Year = 2011,
	Bdsk-Url-1 = {http://dx.doi.org/10.1088/0004-637X/737/1/12}}

@article{2001ApJ...554..778L,
	Adsnote = {Provided by the SAO/NASA Astrophysics Data System},
	Adsurl = {http://adsabs.harvard.edu/abs/2001ApJ...554..778L},
	Author = {{Li}, A. and {Draine}, B.~T.},
	Doi = {10.1086/323147},
	Eprint = {arXiv:astro-ph/0011319},
	Journal = {\apj},
	Keywords = {ISM: Dust, Extinction, Infrared: ISM: Continuum, Infrared: ISM: Lines and Bands, ISM: Abundances, Radiation Mechanisms: Thermal, Ultraviolet: ISM},
	Month = jun,
	Pages = {778-802},
	Title = {{Infrared Emission from Interstellar Dust. II. The Diffuse Interstellar Medium}},
	Volume = 554,
	Year = 2001,
	Bdsk-Url-1 = {http://dx.doi.org/10.1086/323147}}

@article{2001A&A...371..865L,
	Adsnote = {Provided by the SAO/NASA Astrophysics Data System},
	Adsurl = {http://adsabs.harvard.edu/abs/2001A%26A...371..865L},
	Author = {{Liszt}, H.},
	Doi = {10.1051/0004-6361:20010443},
	Journal = {\aap},
	Keywords = {ELLIPTICAL GALAXIES, MOLECULAR GAS},
	Month = jun,
	Pages = {865-874},
	Title = {{CO J = 3-2 mapping of the molecular circumnuclear disk in Centaurus A}},
	Volume = 371,
	Year = 2001,
	Bdsk-Url-1 = {http://dx.doi.org/10.1051/0004-6361:20010443}}

@article{2011arXiv1106.0618M,
	Adsnote = {Provided by the SAO/NASA Astrophysics Data System},
	Adsurl = {http://adsabs.harvard.edu/abs/2011arXiv1106.0618M},
	Archiveprefix = {arXiv},
	Author = {{Magrini}, L. and others},
	Eprint = {1106.0618},
	Journal = {ArXiv e-prints},
	Keywords = {Astrophysics - Cosmology and Extragalactic Astrophysics},
	Month = jun,
	Primaryclass = {astro-ph.CO},
	Title = {{The Herschel Virgo Cluster Survey. IX. Dust-to-gas mass ratio and metallicity gradients in four Virgo spiral galaxies}},
	Year = 2011}

@article{2000ApJ...528..276M,
	Adsnote = {Provided by the SAO/NASA Astrophysics Data System},
	Adsurl = {http://adsabs.harvard.edu/abs/2000ApJ...528..276M},
	Author = {{Marconi}, A. and {Schreier}, E.~J. and {Koekemoer}, A. and {Capetti}, A. and {Axon}, D. and {Macchetto}, D. and {Caon}, N.},
	Doi = {10.1086/308168},
	Eprint = {arXiv:astro-ph/9907378},
	Journal = {\apj},
	Keywords = {GALAXIES: ACTIVE, GALAXIES: INDIVIDUAL: NGC NUMBER: NGC 5128, GALAXIES: NUCLEI, GALAXIES: SEYFERT, INFRARED: GALAXIES},
	Month = jan,
	Pages = {276-291},
	Title = {{Unveiling the Active Nucleus of Centaurus A}},
	Volume = 528,
	Year = 2000,
	Bdsk-Url-1 = {http://dx.doi.org/10.1086/308168}}

@article{1992PASAu..10..104M,
	Adsnote = {Provided by the SAO/NASA Astrophysics Data System},
	Adsurl = {http://adsabs.harvard.edu/abs/1992PASAu..10..104M},
	Author = {{Meadows}, V. and {Allen}, D.},
	Journal = {Proceedings of the Astronomical Society of Australia},
	Keywords = {CENTAURUS CONSTELLATION, INFRARED IMAGERY, INFRARED SPECTROSCOPY, NEAR INFRARED RADIATION, PECULIAR GALAXIES, RADIO GALAXIES, INFRARED ASTRONOMY, INTERSTELLAR EXTINCTION, RADIO SOURCES (ASTRONOMY)},
	Pages = {104-106},
	Title = {{Near-infrared imaging and spectroscopy of Centaurus A}},
	Volume = 10,
	Year = 1992}

@article{1999A&A...341..667M,
	Adsnote = {Provided by the SAO/NASA Astrophysics Data System},
	Adsurl = {http://adsabs.harvard.edu/abs/1999A%26A...341..667M},
	Author = {{Mirabel}, I.~F. and {Laurent}, O. and {Sanders}, D.~B. and {Sauvage}, M. and {Tagger}, M. and {Charmandaris}, V. and {Vigroux}, L. and {Gallais}, P. and {Cesarsky}, C. and {Block}, D.~L.},
	Eprint = {arXiv:astro-ph/9810419},
	Journal = {\aap},
	Keywords = {GALAXIES: ACTIVE, GALAXIES: INDIVIDUAL: NGC 5128=CEN A, GALAXIES: KINEMATICS AND DYNAMICS, GALAXIES: STRUCTURE, INFRARED: GALAXIES},
	Month = jan,
	Pages = {667-674},
	Title = {{A barred spiral at the centre of the giant elliptical radio galaxy Centaurus A}},
	Volume = 341,
	Year = 1999}

@inproceedings{1997ASPC..116..354M,
	Adsnote = {Provided by the SAO/NASA Astrophysics Data System},
	Adsurl = {http://adsabs.harvard.edu/abs/1997ASPC..116..354M},
	Author = {{Morganti}, R. and {Sadler}, E. and {Oosterloo}, T.},
	Booktitle = {The Nature of Elliptical Galaxies; 2nd Stromlo Symposium},
	Editor = {{M.~Arnaboldi, G.~S.~Da Costa, \& P.~Saha}},
	Pages = {354-+},
	Series = {Astronomical Society of the Pacific Conference Series},
	Title = {{Observations of Neutral Gas in Elliptical Galaxies}},
	Volume = 116,
	Year = 1997}

@inproceedings{1999ASPC..163...84M,
	Adsnote = {Provided by the SAO/NASA Astrophysics Data System},
	Adsurl = {http://adsabs.harvard.edu/abs/1999ASPC..163...84M},
	Author = {{Morganti}, R. and {Oosterloo}, T. and {Sadler}, E.~M. and {Vergani}, D.},
	Booktitle = {Star Formation in Early Type Galaxies},
	Editor = {{P.~Carral \& J.~Cepa}},
	Eprint = {arXiv:astro-ph/9809074},
	Pages = {84-8},
	Series = {Astronomical Society of the Pacific Conference Series},
	Title = {{Morphology and Kinematics of HI in Dust-Lane Elliptical Galaxies}},
	Volume = 163,
	Year = 1999}

@article{2003PASA...20..129M,
	Adsnote = {Provided by the SAO/NASA Astrophysics Data System},
	Adsurl = {http://adsabs.harvard.edu/abs/2003PASA...20..129M},
	Author = {{Morganti}, R. and {Tadhunter}, C.~N. and {Oosterloo}, T.~A. and {Holt}, J. and {Tzioumis}, A. and {Wills}, K.},
	Doi = {10.1071/AS02056},
	Eprint = {arXiv:astro-ph/0212321},
	Journal = {\pasa},
	Keywords = {galaxies: ISM, galaxies: active, radio lines: galaxies},
	Pages = {129-133},
	Title = {{The Impact of the Early Stages of Radio Source Evolution on the ISM of the Host Galaxies}},
	Volume = 20,
	Year = 2003,
	Bdsk-Url-1 = {http://dx.doi.org/10.1071/AS02056}}

@article{2005A&A...444L...9M,
	Adsnote = {Provided by the SAO/NASA Astrophysics Data System},
	Adsurl = {http://adsabs.harvard.edu/abs/2005A%26A...444L...9M},
	Author = {{Morganti}, R. and {Tadhunter}, C.~N. and {Oosterloo}, T.~A.},
	Doi = {10.1051/0004-6361:200500197},
	Eprint = {arXiv:astro-ph/0510263},
	Journal = {\aap},
	Keywords = {galaxies: active, galaxies: ISM},
	Month = dec,
	Pages = {L9-L13},
	Title = {{Fast neutral outflows in powerful radio galaxies: a major source of feedback in massive galaxies}},
	Volume = 444,
	Year = 2005,
	Bdsk-Url-1 = {http://dx.doi.org/10.1051/0004-6361:200500197}}

@article{2006MNRAS.371..157M,
	Adsnote = {Provided by the SAO/NASA Astrophysics Data System},
	Adsurl = {http://adsabs.harvard.edu/abs/2006MNRAS.371..157M},
	Author = {{Morganti}, R. and {de Zeeuw}, P.~T. and {Oosterloo}, T.~A. and {McDermid}, R.~M. and {Krajnovi{\'c}}, D. and {Cappellari}, M. and {Kenn}, F. and {Weijmans}, A. and {Sarzi}, M.},
	Doi = {10.1111/j.1365-2966.2006.10681.x},
	Eprint = {arXiv:astro-ph/0606261},
	Journal = {\mnras},
	Keywords = {galaxies: elliptical and lenticular, cD.~, galaxies: ISM , radio lines: galaxies},
	Month = sep,
	Pages = {157-169},
	Title = {{Neutral hydrogen in nearby elliptical and lenticular galaxies: the continuing formation of early-type galaxies}},
	Volume = 371,
	Year = 2006,
	Bdsk-Url-1 = {http://dx.doi.org/10.1111/j.1365-2966.2006.10681.x}}

@article{2008A&A...485L...5M,
	Adsnote = {Provided by the SAO/NASA Astrophysics Data System},
	Adsurl = {http://adsabs.harvard.edu/abs/2008A%26A...485L...5M},
	Archiveprefix = {arXiv},
	Author = {{Morganti}, R. and {Oosterloo}, T. and {Struve}, C. and {Saripalli}, L.},
	Doi = {10.1051/0004-6361:200809974},
	Eprint = {0805.1627},
	Journal = {\aap},
	Keywords = {galaxies: active, galaxies: ISM, galaxies: individual: Centaurus A},
	Month = jul,
	Pages = {L5-L8},
	Title = {{A circumnuclear disk of atomic hydrogen in Centaurus A}},
	Volume = 485,
	Year = 2008,
	Bdsk-Url-1 = {http://dx.doi.org/10.1051/0004-6361:200809974}}

@article{2010PASA...27..463M,
	Adsnote = {Provided by the SAO/NASA Astrophysics Data System},
	Adsurl = {http://adsabs.harvard.edu/abs/2010PASA...27..463M},
	Archiveprefix = {arXiv},
	Author = {{Morganti}, R.},
	Doi = {10.1071/AS09076},
	Eprint = {1003.5568},
	Journal = {\pasa},
	Keywords = {galaxies: individual (Centaurus A/NGC 5128), galaxies: ISM, galaxies: active},
	Month = oct,
	Pages = {463-474},
	Primaryclass = {astro-ph.CO},
	Title = {{The Many Faces of the Gas in Centaurus A (NGC 5128)}},
	Volume = 27,
	Year = 2010,
	Bdsk-Url-1 = {http://dx.doi.org/10.1071/AS09076}}

@article{2009ApJ...701.1965M,
	Adsnote = {Provided by the SAO/NASA Astrophysics Data System},
	Adsurl = {http://adsabs.harvard.edu/abs/2009ApJ...701.1965M},
	Archiveprefix = {arXiv},
	Author = {{Mu{\~n}oz-Mateos}, J.~C. and others},
	Doi = {10.1088/0004-637X/701/2/1965},
	Eprint = {0909.2658},
	Journal = {\apj},
	Keywords = {dust, extinction, galaxies: ISM, infrared: galaxies, ultraviolet: galaxies},
	Month = aug,
	Pages = {1965-1991},
	Primaryclass = {astro-ph.CO},
	Title = {{Radial Distribution of Stars, Gas, and Dust in Sings Galaxies. II. Derived Dust Properties}},
	Volume = 701,
	Year = 2009,
	Bdsk-Url-1 = {http://dx.doi.org/10.1088/0004-637X/701/2/1965}}

@article{2010A&A...518L...5N,
	Adsnote = {Provided by the SAO/NASA Astrophysics Data System},
	Adsurl = {http://adsabs.harvard.edu/abs/2010A%26A...518L...5N},
	Archiveprefix = {arXiv},
	Author = {{Nguyen}, H.~T. and {Schulz}, B. and {Levenson}, L. and {Amblard}, A. and {Arumugam}, V. and {Aussel}, H. and {Babbedge}, T. and {Blain}, A. and {Bock}, J. and {Boselli}, A. and {Buat}, V. and {Castro-Rodriguez}, N. and {Cava}, A. and {Chanial}, P. and {Chapin}, E. and {Clements}, D.~L. and {Conley}, A. and {Conversi}, L. and {Cooray}, A. and {Dowell}, C.~D. and {Dwek}, E. and {Eales}, S. and {Elbaz}, D. and {Fox}, M. and {Franceschini}, A. and {Gear}, W. and {Glenn}, J. and {Griffin}, M. and {Halpern}, M. and {Hatziminaoglou}, E. and {Ibar}, E. and {Isaak}, K. and {Ivison}, R.~J. and {Lagache}, G. and {Lu}, N. and {Madden}, S. and {Maffei}, B. and {Mainetti}, G. and {Marchetti}, L. and {Marsden}, G. and {Marshall}, J. and {O'Halloran}, B. and {Oliver}, S.~J. and {Omont}, A. and {Page}, M.~J. and {Panuzzo}, P. and {Papageorgiou}, A. and {Pearson}, C.~P. and {Perez Fournon}, I. and {Pohlen}, M. and {Rangwala}, N. and {Rigopoulou}, D. and {Rizzo}, D. and {Roseboom}, I.~G. and {Rowan-Robinson}, M. and {Scott}, D. and {Seymour}, N. and {Shupe}, D.~L. and {Smith}, A.~J. and {Stevens}, J.~A. and {Symeonidis}, M. and {Trichas}, M. and {Tugwell}, K.~E. and {Vaccari}, M. and {Valtchanov}, I. and {Vigroux}, L. and {Wang}, L. and {Ward}, R. and {Wiebe}, D. and {Wright}, G. and {Xu}, C.~K. and {Zemcov}, M.},
	Doi = {10.1051/0004-6361/201014680},
	Eid = {L5},
	Eprint = {1005.2207},
	Journal = {\aap},
	Keywords = {space vehicules: instruments, surveys, submillimeter: diffuse background, submillimiter: galaxies},
	Month = jul,
	Pages = {L5},
	Primaryclass = {astro-ph.CO},
	Title = {{HerMES: The SPIRE confusion limit}},
	Volume = 518,
	Year = 2010,
	Bdsk-Url-1 = {http://dx.doi.org/10.1051/0004-6361/201014680}}

@article{2005A&A...429..469O,
	Adsnote = {Provided by the SAO/NASA Astrophysics Data System},
	Adsurl = {http://adsabs.harvard.edu/abs/2005A%26A...429..469O},
	Author = {{Oosterloo}, T.~A. and {Morganti}, R.},
	Doi = {10.1051/0004-6361:20041379},
	Eprint = {arXiv:astro-ph/0409500},
	Journal = {\aap},
	Keywords = {galaxies: active, galaxies: individual: Centaurus A, galaxies: ISM},
	Month = jan,
	Pages = {469-475},
	Title = {{Anomalous HI kinematics in Centaurus A: Evidence for jet-induced star formation}},
	Volume = 429,
	Year = 2005,
	Bdsk-Url-1 = {http://dx.doi.org/10.1051/0004-6361:20041379}}

@article{1994A&A...291..943O,
	Adsnote = {Provided by the SAO/NASA Astrophysics Data System},
	Adsurl = {http://adsabs.harvard.edu/abs/1994A%26A...291..943O},
	Author = {{Ossenkopf}, V. and {Henning}, T.},
	Journal = {\aap},
	Keywords = {COAGULATION, DUST, OPACITY, PROTOSTARS, STAR FORMATION, STELLAR CORES, STELLAR MODELS, ABSORPTIVITY, GAS DENSITY, INFRARED ASTRONOMY, INTERSTELLAR EXTINCTION, OPTICAL PROPERTIES, RADIO ASTRONOMY, STELLAR COMPOSITION},
	Month = nov,
	Pages = {943-959},
	Title = {{Dust opacities for protostellar cores}},
	Volume = 291,
	Year = 1994}

@inproceedings{2010ASPC..434..139O,
	Adsnote = {Provided by the SAO/NASA Astrophysics Data System},
	Adsurl = {http://adsabs.harvard.edu/abs/2010ASPC..434..139O},
	Archiveprefix = {arXiv},
	Author = {{Ott}, S.},
	Booktitle = {Astronomical Data Analysis Software and Systems XIX},
	Editor = {{Y.~Mizumoto, K.-I.~Morita, \& M.~Ohishi}},
	Eprint = {1011.1209},
	Month = dec,
	Pages = {139-+},
	Primaryclass = {astro-ph.IM},
	Series = {Astronomical Society of the Pacific Conference Series},
	Title = {{The Herschel Data Processing System -- HIPE and Pipelines -- Up and Running Since the Start of the Mission}},
	Volume = 434,
	Year = 2010}

@article{1987ApJ...322L..73P,
	Adsnote = {Provided by the SAO/NASA Astrophysics Data System},
	Adsurl = {http://adsabs.harvard.edu/abs/1987ApJ...322L..73P},
	Author = {{Phillips}, T.~G. and {Ellison}, B.~N. and {Keene}, J.~B. and {Leighton}, R.~B. and {Howard}, R.~J. and {Masson}, C.~R. and {Sanders}, D.~B. and {Veidt}, B. and {Young}, K.},
	Doi = {10.1086/185039},
	Journal = {\apjl},
	Keywords = {CARBON MONOXIDE, CENTAURUS CONSTELLATION, ELLIPTICAL GALAXIES, RADIO GALAXIES, ASTRONOMICAL MODELS, GALACTIC ROTATION, INTERSTELLAR GAS, MOLECULAR SPECTRA, VERY LARGE ARRAY (VLA)},
	Month = nov,
	Pages = {L73-L77},
	Title = {{CO emission from Centaurus A}},
	Volume = 322,
	Year = 1987,
	Bdsk-Url-1 = {http://dx.doi.org/10.1086/185039}}

@article{2010A&A...518L...1P,
	Adsnote = {Provided by the SAO/NASA Astrophysics Data System},
	Adsurl = {http://adsabs.harvard.edu/abs/2010A%26A...518L...1P},
	Archiveprefix = {arXiv},
	Author = {{Pilbratt}, G.~L. and others},
	Doi = {10.1051/0004-6361/201014759},
	Eprint = {1005.5331},
	Journal = {\aap},
	Keywords = {space vehicles, space vehicles: instruments, infrared: general, submillimetre: general},
	Month = jul,
	Pages = {L1},
	Primaryclass = {astro-ph.IM},
	Title = {{Herschel Space Observatory. An ESA facility for far-infrared and submillimetre astronomy}},
	Volume = 518,
	Year = 2010,
	Bdsk-Url-1 = {http://dx.doi.org/10.1051/0004-6361/201014759}}

@article{2010A&A...518L...2P,
	Adsnote = {Provided by the SAO/NASA Astrophysics Data System},
	Adsurl = {http://adsabs.harvard.edu/abs/2010A%26A...518L...2P},
	Archiveprefix = {arXiv},
	Author = {{Poglitsch}, A. and others},
	Doi = {10.1051/0004-6361/201014535},
	Eprint = {1005.1487},
	Journal = {\aap},
	Keywords = {space vehicles: instruments, instrumentation: photometers, instrumentation: spectrographs},
	Month = jul,
	Pages = {L2},
	Primaryclass = {astro-ph.IM},
	Title = {{The Photodetector Array Camera and Spectrometer (PACS) on the Herschel Space Observatory}},
	Volume = 518,
	Year = 2010,
	Bdsk-Url-1 = {http://dx.doi.org/10.1051/0004-6361/201014535}}

@article{2010A&A...523A..38P,
	Adsnote = {Provided by the SAO/NASA Astrophysics Data System},
	Adsurl = {http://adsabs.harvard.edu/abs/2010A%26A...523A..38P},
	Archiveprefix = {arXiv},
	Author = {{Prandoni}, I. and {Laing}, R.~A. and {de Ruiter}, H.~R. and {Parma}, P.},
	Doi = {10.1051/0004-6361/201015456},
	Eprint = {1009.0156},
	Journal = {\aap},
	Keywords = {galaxies: active, radio lines: galaxies},
	Month = nov,
	Pages = {A38+},
	Primaryclass = {astro-ph.CO},
	Title = {{Molecular disks in radio galaxies. The pathway to ALMA}},
	Volume = 523,
	Year = 2010,
	Bdsk-Url-1 = {http://dx.doi.org/10.1051/0004-6361/201015456}}

@article{1992ApJ...391..121Q,
	Adsnote = {Provided by the SAO/NASA Astrophysics Data System},
	Adsurl = {http://adsabs.harvard.edu/abs/1992ApJ...391..121Q},
	Author = {{Quillen}, A.~C. and {de Zeeuw}, P.~T. and {Phinney}, E.~S. and {Phillips}, T.~G.},
	Doi = {10.1086/171329},
	Journal = {\apj},
	Keywords = {GALACTIC STRUCTURE, GAS DYNAMICS, INTERSTELLAR GAS, MOLECULAR GASES, RADIO GALAXIES, ASTRONOMICAL MODELS, CARBON MONOXIDE, CENTAURUS CONSTELLATION, EMISSION SPECTRA},
	Month = may,
	Pages = {121-136},
	Title = {{The kinematics of the molecular gas in Centaurus A}},
	Volume = 391,
	Year = 1992,
	Bdsk-Url-1 = {http://dx.doi.org/10.1086/171329}}

@article{1993ApJ...412..550Q,
	Adsnote = {Provided by the SAO/NASA Astrophysics Data System},
	Adsurl = {http://adsabs.harvard.edu/abs/1993ApJ...412..550Q},
	Author = {{Quillen}, A.~C. and {Graham}, J.~R. and {Frogel}, J.~A.},
	Doi = {10.1086/172943},
	Journal = {\apj},
	Keywords = {GALACTIC STRUCTURE, INTERACTING GALAXIES, INTERSTELLAR MATTER, NEAR INFRARED RADIATION, GAS DYNAMICS, INFRARED ASTRONOMY},
	Month = aug,
	Pages = {550-567},
	Title = {{The warped disk of Centaurus A in the near-infrared}},
	Volume = 412,
	Year = 1993,
	Bdsk-Url-1 = {http://dx.doi.org/10.1086/172943}}

@article{2006ApJ...641L..29Q,
	Adsnote = {Provided by the SAO/NASA Astrophysics Data System},
	Adsurl = {http://adsabs.harvard.edu/abs/2006ApJ...641L..29Q},
	Author = {{Quillen}, A.~C. and {Bland-Hawthorn}, J. and {Brookes}, M.~H. and {Werner}, M.~W. and {Smith}, J.~D. and {Stern}, D. and {Keene}, J. and {Lawrence}, C.~R.},
	Doi = {10.1086/503670},
	Eprint = {arXiv:astro-ph/0601147},
	Journal = {\apjl},
	Keywords = {Galaxies: Individual: NGC Number: NGC 5128, Galaxies: ISM, Galaxies: Structure, ISM: Bubbles, ISM: Jets and Outflows},
	Month = apr,
	Pages = {L29-L32},
	Title = {{Discovery of a 500 Parsec Shell in the Nucleus of Centaurus A}},
	Volume = 641,
	Year = 2006,
	Bdsk-Url-1 = {http://dx.doi.org/10.1086/503670}}

@article{2006ApJ...645.1092Q,
	Adsnote = {Provided by the SAO/NASA Astrophysics Data System},
	Adsurl = {http://adsabs.harvard.edu/abs/2006ApJ...645.1092Q},
	Author = {{Quillen}, A.~C. and {Brookes}, M.~H. and {Keene}, J. and {Stern}, D. and {Lawrence}, C.~R. and {Werner}, M.~W.},
	Doi = {10.1086/504418},
	Eprint = {arXiv:astro-ph/0601135},
	Journal = {\apj},
	Keywords = {Galaxies: Individual: NGC Number: NGC 5128, Galaxies: ISM, Galaxies: Peculiar, Galaxies: Structure},
	Month = jul,
	Pages = {1092-1101},
	Title = {{Spitzer Observations of the Dusty Warped Disk of Centaurus A}},
	Volume = 645,
	Year = 2006,
	Bdsk-Url-1 = {http://dx.doi.org/10.1086/504418}}

@article{2011ApJ...733...23R,
	Adsnote = {Provided by the SAO/NASA Astrophysics Data System},
	Adsurl = {http://adsabs.harvard.edu/abs/2011ApJ...733...23R},
	Archiveprefix = {arXiv},
	Author = {{Rothschild}, R.~E. and {Markowitz}, A. and {Rivers}, E. and {Suchy}, S. and {Pottschmidt}, K. and {Kadler}, M. and {M{\"u}ller}, C. and {Wilms}, J.},
	Doi = {10.1088/0004-637X/733/1/23},
	Eprint = {1102.5076},
	Journal = {\apj},
	Keywords = {galaxies: active, galaxies: individual: Centaurus A NGC 5128, galaxies: jets, X-rays: galaxies},
	Month = may,
	Pages = {23-+},
	Primaryclass = {astro-ph.HE},
	Title = {{Twelve and a Half Years of Observations of Centaurus a with the Rossi X-Ray Timing Explorer}},
	Volume = 733,
	Year = 2011,
	Bdsk-Url-1 = {http://dx.doi.org/10.1088/0004-637X/733/1/23}}

@article{2010A&A...518L..66R,
	Adsnote = {Provided by the SAO/NASA Astrophysics Data System},
	Adsurl = {http://adsabs.harvard.edu/abs/2010A%26A...518L..66R},
	Archiveprefix = {arXiv},
	Author = {{Roussel}, H. and others},
	Doi = {10.1051/0004-6361/201014567},
	Eprint = {1005.1526},
	Journal = {\aap},
	Keywords = {dust, extinction, evolution, galaxies: interactions, galaxies: starburst, infrared: ISM},
	Month = jul,
	Pages = {L66+},
	Primaryclass = {astro-ph.CO},
	Title = {{SPIRE imaging of M 82: Cool dust in the wind and tidal streams}},
	Volume = 518,
	Year = 2010,
	Bdsk-Url-1 = {http://dx.doi.org/10.1051/0004-6361/201014567}}

@article{1993A&A...270L..13R,
	Adsnote = {Provided by the SAO/NASA Astrophysics Data System},
	Adsurl = {http://adsabs.harvard.edu/abs/1993A%26A...270L..13R},
	Author = {{Rydbeck}, G. and {Wiklind}, T. and {Cameron}, M. and {Wild}, W. and {Eckart}, A. and {Genzel}, R. and {Rothermel}, H.},
	Journal = {\aap},
	Keywords = {CARBON MONOXIDE, CARBON 12, ELLIPTICAL GALAXIES, INTERSTELLAR GAS, MOLECULAR GASES, MOLECULAR SPECTRA, RADIO SPECTRA},
	Month = mar,
	Pages = {L13-L16},
	Title = {{High resolution (C-12)O(2-1) observations of the molecular gas in Centaurus A}},
	Volume = 270,
	Year = 1993}

@article{1985MNRAS.214..177S,
	Adsnote = {Provided by the SAO/NASA Astrophysics Data System},
	Adsurl = {http://adsabs.harvard.edu/abs/1985MNRAS.214..177S},
	Author = {{Sadler}, E.~M. and {Gerhard}, O.~E.},
	Journal = {\mnras},
	Keywords = {ASTRONOMICAL CATALOGS, COSMIC DUST, ELLIPTICAL GALAXIES, GALACTIC EVOLUTION, MASS DISTRIBUTION, ASTRONOMICAL PHOTOMETRY, AXES OF ROTATION, DISK GALAXIES, MAGNITUDE},
	Month = may,
	Pages = {177-187},
	Title = {{How common are 'dust-lanes' in early-type galaxies?}},
	Volume = 214,
	Year = 1985}

@article{1989ApJ...344..204S,
	Adsnote = {Provided by the SAO/NASA Astrophysics Data System},
	Adsurl = {http://adsabs.harvard.edu/abs/1989ApJ...344..204S},
	Author = {{Sage}, L.~J. and {Wrobel}, J.~M.},
	Doi = {10.1086/167789},
	Journal = {\apj},
	Keywords = {CARBON MONOXIDE, EMISSION SPECTRA, SPIRAL GALAXIES, INFRARED ASTRONOMY SATELLITE, STAR FORMATION, STELLAR MASS},
	Month = sep,
	Pages = {204-209},
	Title = {{Detection of CO emission from S0 galaxies}},
	Volume = 344,
	Year = 1989,
	Bdsk-Url-1 = {http://dx.doi.org/10.1086/167789}}

@article{2009ApJ...706...21S,
	Adsnote = {Provided by the SAO/NASA Astrophysics Data System},
	Adsurl = {http://adsabs.harvard.edu/abs/2009ApJ...706...21S},
	Author = {{Savoy}, J. and {Welch}, G.~A. and {Fich}, M.},
	Doi = {10.1088/0004-637X/706/1/21},
	Journal = {\apj},
	Keywords = {dust, extinction, galaxies: elliptical and lenticular, cD, galaxies: ISM, infrared: ISM, submillimeter},
	Month = nov,
	Pages = {21-37},
	Title = {{SCUBA Observations of Early-Type Galaxies}},
	Volume = 706,
	Year = 2009,
	Bdsk-Url-1 = {http://dx.doi.org/10.1088/0004-637X/706/1/21}}

@article{1994ApJ...423L.101S,
	Adsnote = {Provided by the SAO/NASA Astrophysics Data System},
	Adsurl = {http://adsabs.harvard.edu/abs/1994ApJ...423L.101S},
	Author = {{Schiminovich}, D. and {van Gorkom}, J.~H. and {van der Hulst}, J.~M. and {Kasow}, S.},
	Doi = {10.1086/187246},
	Journal = {\apjl},
	Keywords = {GALAXIES: ELLIPTICAL AND LENTICULAR, CD, GALAXIES: INDIVIDUAL NGC NUMBER: NGC 5128, GALAXIES: INTERACTIONS, GALAXIES: JETS, GALAXIES: STRUCTURE},
	Month = mar,
	Pages = {L101+},
	Title = {{Discovery of Neutral Hydrogen Associated with the Diffuse Shells of NGC 5128 (Centaurus A)}},
	Volume = 423,
	Year = 1994,
	Bdsk-Url-1 = {http://dx.doi.org/10.1086/187246}}

@article{1996ApJ...459..535S,
	Adsnote = {Provided by the SAO/NASA Astrophysics Data System},
	Adsurl = {http://adsabs.harvard.edu/abs/1996ApJ...459..535S},
	Author = {{Schreier}, E.~J. and {Capetti}, A. and {Macchetto}, F. and {Sparks}, W.~B. and {Ford}, H.~J.},
	Doi = {10.1086/176917},
	Journal = {\apj},
	Keywords = {ISM: DUST, EXTINCTION, GALAXIES: INDIVIDUAL NGC NUMBER: NGC 5128, GALAXIES: JETS, POLARIZATION},
	Month = mar,
	Pages = {535-+},
	Title = {{Hubble Space Telescope Imaging and Polarimetry of NGC 5128 (Centaurus A)}},
	Volume = 459,
	Year = 1996,
	Bdsk-Url-1 = {http://dx.doi.org/10.1086/176917}}

@article{2010A&A...518L..51S,
	Adsnote = {Provided by the SAO/NASA Astrophysics Data System},
	Adsurl = {http://adsabs.harvard.edu/abs/2010A%26A...518L..51S},
	Archiveprefix = {arXiv},
	Author = {{Smith}, M.~W.~L. and {Vlahakis}, C. and {Baes}, M. and {Bendo}, G.~J. and {Bianchi}, S. and {Bomans}, D.~J. and {Boselli}, A. and {Clemens}, M. and {Corbelli}, E. and {Cortese}, L. and {Dariush}, A. and {Davies}, J.~I. and {de Looze}, I. and {di Serego Alighieri}, S. and {Fadda}, D. and {Fritz}, J. and {Garcia-Appadoo}, D.~A. and {Gavazzi}, G. and {Giovanardi}, C. and {Grossi}, M. and {Hughes}, T.~M. and {Hunt}, L.~K. and {Jones}, A.~P. and {Madden}, S. and {Pierini}, D. and {Pohlen}, M. and {Sabatini}, S. and {Verstappen}, J. and {Xilouris}, E.~M. and {Zibetti}, S.},
	Doi = {10.1051/0004-6361/201014584},
	Eprint = {1005.3057},
	Journal = {\aap},
	Keywords = {galaxies: evolution, galaxies: spiral, galaxies: ISM},
	Month = jul,
	Pages = {L51+},
	Primaryclass = {astro-ph.CO},
	Title = {{The Herschel Virgo Cluster Survey. IV. Resolved dust analysis of spiral galaxies}},
	Volume = 518,
	Year = 2010,
	Bdsk-Url-1 = {http://dx.doi.org/10.1051/0004-6361/201014584}}

@article{1997ApJ...478..144S,
	Adsnote = {Provided by the SAO/NASA Astrophysics Data System},
	Adsurl = {http://adsabs.harvard.edu/abs/1997ApJ...478..144S},
	Author = {{Solomon}, P.~M. and {Downes}, D. and {Radford}, S.~J.~E. and {Barrett}, J.~W.},
	Doi = {10.1086/303765},
	Eprint = {arXiv:astro-ph/9610166},
	Journal = {\apj},
	Keywords = {GALAXIES: ISM, GALAXIES: NUCLEI, GALAXIES: STARBURST, INFRARED: GALAXIES, RADIO LINES: GALAXIES},
	Month = mar,
	Pages = {144},
	Title = {{The Molecular Interstellar Medium in Ultraluminous Infrared Galaxies}},
	Volume = 478,
	Year = 1997,
	Bdsk-Url-1 = {http://dx.doi.org/10.1086/303765}}

@article{1985MNRAS.217...87S,
	Adsnote = {Provided by the SAO/NASA Astrophysics Data System},
	Adsurl = {http://adsabs.harvard.edu/abs/1985MNRAS.217...87S},
	Author = {{Sparks}, W.~B. and {Wall}, J.~V. and {Thorne}, D.~J. and {Jorden}, P.~R. and {van Breda}, I.~G. and {Rudd}, P.~J. and {Jorgensen}, H.~E.},
	Journal = {\mnras},
	Keywords = {COSMIC DUST, ELLIPTICAL GALAXIES, GALACTIC NUCLEI, GALACTIC STRUCTURE, INTERSTELLAR MATTER, RADIO GALAXIES, COLOR, COMPUTATIONAL ASTROPHYSICS},
	Month = nov,
	Pages = {87-98},
	Title = {{Dust in elliptical galaxies}},
	Volume = 217,
	Year = 1985}

@article{2004A&A...415...95S,
	Adsnote = {Provided by the SAO/NASA Astrophysics Data System},
	Adsurl = {http://adsabs.harvard.edu/abs/2004A%26A...415...95S},
	Author = {{Stickel}, M. and {van der Hulst}, J.~M. and {van Gorkom}, J.~H. and {Schiminovich}, D. and {Carilli}, C.~L.},
	Doi = {10.1051/0004-6361:20034314},
	Journal = {\aap},
	Keywords = {galaxies: individual: NGC 5128, galaxies: elliptical {\amp} lenticular, cD, galaxies: intergalactic medium, infrared: general, infrared: galaxies},
	Month = feb,
	Pages = {95-102},
	Title = {{First detection of cold dust in the northern shell of NGC 5128 (Centaurus A)}},
	Volume = 415,
	Year = 2004,
	Bdsk-Url-1 = {http://dx.doi.org/10.1051/0004-6361:20034314}}

@article{1988A&A...207....1S,
	Adsnote = {Provided by the SAO/NASA Astrophysics Data System},
	Adsurl = {http://adsabs.harvard.edu/abs/1988A%26A...207....1S},
	Author = {{Strong}, A.~W. and {Bloemen}, J.~B.~G.~M. and {Dame}, T.~M. and {Grenier}, I.~A. and {Hermsen}, W. and {Lebrun}, F. and {Nyman}, L.-A. and {Pollock}, A.~M.~T. and {Thaddeus}, P.},
	Journal = {\aap},
	Keywords = {GALACTIC RADIATION, GAMMA RAY ASTRONOMY, MOLECULAR CLOUDS, RADIAL DISTRIBUTION, ASTRONOMICAL SPECTROSCOPY, CARBON MONOXIDE, H I REGIONS, INTERSTELLAR GAS, RADIATION DISTRIBUTION},
	Month = dec,
	Pages = {1-15},
	Title = {{The radial distribution of galactic gamma rays. IV - The whole galaxy}},
	Volume = 207,
	Year = 1988}

@article{1996A&A...308L..21S,
	Adsnote = {Provided by the SAO/NASA Astrophysics Data System},
	Adsurl = {http://adsabs.harvard.edu/abs/1996A%26A...308L..21S},
	Author = {{Strong}, A.~W. and {Mattox}, J.~R.},
	Journal = {\aap},
	Keywords = {GAMMA RAYS: GENERAL, COSMICS RAYS: INTERSTELLAR MEDIUM: CLOUDS: GENERAL, INTERSTELLAR MEDIUM: GENERAL},
	Month = apr,
	Pages = {L21-L24},
	Title = {{Gradient model analysis of EGRET diffuse Galactic {$\gamma$}-ray emission.}},
	Volume = 308,
	Year = 1996}

@article{2004A&A...422L..47S,
	Adsnote = {Provided by the SAO/NASA Astrophysics Data System},
	Adsurl = {http://adsabs.harvard.edu/abs/2004A%26A...422L..47S},
	Author = {{Strong}, A.~W. and {Moskalenko}, I.~V. and {Reimer}, O. and {Digel}, S. and {Diehl}, R.},
	Doi = {10.1051/0004-6361:20040172},
	Eprint = {arXiv:astro-ph/0405275},
	Journal = {\aap},
	Keywords = {gamma rays, galactic structure, interstellar medium, cosmic rays, supernova remnants, pulsars},
	Month = jul,
	Pages = {L47-L50},
	Title = {{The distribution of cosmic-ray sources in the Galaxy, {$\gamma$}-rays and the gradient in the CO-to-H$_{2}$ relation}},
	Volume = 422,
	Year = 2004,
	Bdsk-Url-1 = {http://dx.doi.org/10.1051/0004-6361:20040172}}

@article{2010A&A...515A..67S,
	Adsnote = {Provided by the SAO/NASA Astrophysics Data System},
	Adsurl = {http://adsabs.harvard.edu/abs/2010A%26A...515A..67S},
	Archiveprefix = {arXiv},
	Author = {{Struve}, C. and {Oosterloo}, T.~A. and {Morganti}, R. and {Saripalli}, L.},
	Doi = {10.1051/0004-6361/201014355},
	Eprint = {1003.3250},
	Journal = {\aap},
	Keywords = {galaxies: active, galaxies: elliptical and lenticular, cD, galaxies: individual: Centaurus A, galaxies: kinematics and dynamics, galaxies: structure, galaxies: ISM},
	Month = jun,
	Pages = {A67+},
	Primaryclass = {astro-ph.CO},
	Title = {{Centaurus A: morphology and kinematics of the atomic hydrogen}},
	Volume = 515,
	Year = 2010,
	Bdsk-Url-1 = {http://dx.doi.org/10.1051/0004-6361/201014355}}

@article{2004ApJS..151..237T,
	Adsnote = {Provided by the SAO/NASA Astrophysics Data System},
	Adsurl = {http://adsabs.harvard.edu/abs/2004ApJS..151..237T},
	Author = {{Temi}, P. and {Brighenti}, F. and {Mathews}, W.~G. and {Bregman}, J.~D.},
	Doi = {10.1086/381963},
	Eprint = {arXiv:astro-ph/0312248},
	Journal = {\apjs},
	Keywords = {ISM: Dust, Extinction, Galaxies: Elliptical and Lenticular, cD, Galaxies: ISM, Infrared: Galaxies, Infrared: ISM},
	Month = apr,
	Pages = {237-269},
	Title = {{Cold Dust in Early-Type Galaxies. I. Observations}},
	Volume = 151,
	Year = 2004,
	Bdsk-Url-1 = {http://dx.doi.org/10.1086/381963}}

@article{2009ApJ...695....1T,
	Adsnote = {Provided by the SAO/NASA Astrophysics Data System},
	Adsurl = {http://adsabs.harvard.edu/abs/2009ApJ...695....1T},
	Archiveprefix = {arXiv},
	Author = {{Temi}, P. and {Brighenti}, F. and {Mathews}, W.~G.},
	Doi = {10.1088/0004-637X/695/1/1},
	Eprint = {0812.2594},
	Journal = {\apj},
	Keywords = {galaxies: elliptical and lenticular, cD, galaxies: ISM, infrared: galaxies, infrared: ISM},
	Month = apr,
	Pages = {1-11},
	Title = {{Evidence of Star Formation in Local S0 Galaxies: Spitzer Observations of the Sauron Sample}},
	Volume = 695,
	Year = 2009,
	Bdsk-Url-1 = {http://dx.doi.org/10.1088/0004-637X/695/1/1}}

@article{1989ApJ...344..747T,
	Adsnote = {Provided by the SAO/NASA Astrophysics Data System},
	Adsurl = {http://adsabs.harvard.edu/abs/1989ApJ...344..747T},
	Author = {{Thronson}, Jr., H.~A. and {Tacconi}, L. and {Kenney}, J. and {Greenhouse}, M.~A. and {Margulis}, M. and {Tacconi-Garman}, L. and {Young}, J.~S.},
	Doi = {10.1086/167839},
	Journal = {\apj},
	Keywords = {INTERSTELLAR GAS, MOLECULAR GASES, SPIRAL GALAXIES, STAR FORMATION, DISK GALAXIES, GALACTIC STRUCTURE, LINE SPECTRA},
	Month = sep,
	Pages = {747-762},
	Title = {{Molecular gas, the interstellar medium, and star formation in S0 and SA galaxies}},
	Volume = 344,
	Year = 1989,
	Bdsk-Url-1 = {http://dx.doi.org/10.1086/167839}}

@article{1998AJ....115..960T,
	Adsnote = {Provided by the SAO/NASA Astrophysics Data System},
	Adsurl = {http://adsabs.harvard.edu/abs/1998AJ....115..960T},
	Author = {{Tingay}, S.~J. and {Jauncey}, D.~L. and {Reynolds}, J.~E. and {Tzioumis}, A.~K. and {King}, E.~A. and {Preston}, R.~A. and {Jones}, D.~L. and {Murphy}, D.~W. and {Meier}, D.~L. and {van Ommen}, T.~D. and {McCulloch}, P.~M. and {Ellingsen}, S.~P. and {Costa}, M.~E. and {Edwards}, P.~G. and {Lovell}, J.~E.~J. and {Nicolson}, G.~D. and {Quick}, J.~F.~H. and {Kemball}, A.~J. and {Migenes}, V. and {Harbison}, P. and {Jones}, P.~A. and {White}, G.~L. and {Gough}, R.~G. and {Ferris}, R.~H. and {Sinclair}, M.~W. and {Clay}, R.~W.},
	Doi = {10.1086/300257},
	Journal = {\aj},
	Keywords = {GALAXIES: ACTIVE, GALAXIES: INDIVIDUAL: NGC NUMBER: NGC 5128, GALAXIES: INDIVIDUAL: NAME: CENTAURUS A, GALAXIES: INDIVIDUAL: ALPHANUMERIC: PKS 1322-427, TECHNIQUES: INTERFEROMETRIC, TECHNIQUES: INTERFEROMETRIC, GALAXIES: ACTIVE, GALAXIES: INDIVIDUAL: NGC5128},
	Month = mar,
	Pages = {960-974},
	Title = {{The Subparsec-Scale Structure and Evolution of Centaurus A: The Nearest Active Radio Galaxy}},
	Volume = 115,
	Year = 1998,
	Bdsk-Url-1 = {http://dx.doi.org/10.1086/300257}}

@article{1997ApJ...475..118T,
	Adsnote = {Provided by the SAO/NASA Astrophysics Data System},
	Adsurl = {http://adsabs.harvard.edu/abs/1997ApJ...475..118T},
	Author = {{Turner}, T.~J. and {George}, I.~M. and {Mushotzky}, R.~F. and {Nandra}, K.},
	Doi = {10.1086/303510},
	Journal = {\apj},
	Keywords = {GALAXIES: ACTIVE, GALAXIES: INDIVIDUAL NAME: CENTAURUS A, X-RAYS: GALAXIES},
	Month = jan,
	Pages = {118-+},
	Title = {{Deconvolution of the X-Ray Emission and Absorption Components in Centaurus A}},
	Volume = 475,
	Year = 1997,
	Bdsk-Url-1 = {http://dx.doi.org/10.1086/303510}}

@article{2000A&A...355..885U,
	Adsnote = {Provided by the SAO/NASA Astrophysics Data System},
	Adsurl = {http://adsabs.harvard.edu/abs/2000A%26A...355..885U},
	Author = {{Unger}, S.~J. and {Clegg}, P.~E. and {Stacey}, G.~J. and {Cox}, P. and {Fischer}, J. and {Greenhouse}, M. and {Lord}, S.~D. and {Luhman}, M.~L. and {Satyapal}, S. and {Smith}, H.~A. and {Spinoglio}, L. and {Wolfire}, M.},
	Eprint = {arXiv:astro-ph/0002024},
	Journal = {\aap},
	Keywords = {GALAXIES: INDIVIDUAL: CENTAURUS A = NGC 5128, INFRARED: GALAXIES, GALAXIES: ISM, GALAXIES: STARBURST, GALAXIES: ACTIVE},
	Month = mar,
	Pages = {885-890},
	Title = {{ISO-LWS spectroscopy of Centaurus A: extended star formation}},
	Volume = 355,
	Year = 2000}

@inproceedings{1997ASPC..116..310V,
	Adsnote = {Provided by the SAO/NASA Astrophysics Data System},
	Adsurl = {http://adsabs.harvard.edu/abs/1997ASPC..116..310V},
	Author = {{van Gorkom}, J. and {Schiminovich}, D.},
	Booktitle = {The Nature of Elliptical Galaxies; 2nd Stromlo Symposium},
	Editor = {{M.~Arnaboldi, G.~S.~Da Costa, \& P.~Saha}},
	Pages = {310-+},
	Series = {Astronomical Society of the Pacific Conference Series},
	Title = {{HI in Elliptical Galaxies}},
	Volume = 116,
	Year = 1997}

@article{1990AJ.....99.1781V,
	Adsnote = {Provided by the SAO/NASA Astrophysics Data System},
	Adsurl = {http://adsabs.harvard.edu/abs/1990AJ.....99.1781V},
	Author = {{van Gorkom}, J.~H. and {van der Hulst}, J.~M. and {Haschick}, A.~D. and {Tubbs}, A.~D.},
	Doi = {10.1086/115456},
	Journal = {\aj},
	Keywords = {ELLIPTICAL GALAXIES, H I REGIONS, RADIO GALAXIES, VERY LARGE ARRAY (VLA), ABSORPTION SPECTRA, COSMIC DUST, DENSITY DISTRIBUTION, EMISSION SPECTRA},
	Month = jun,
	Pages = {1781-1788},
	Title = {{VLA H I observations of the radio galaxy Centaurus A}},
	Volume = 99,
	Year = 1990,
	Bdsk-Url-1 = {http://dx.doi.org/10.1086/115456}}

@article{1989ApJ...337..209W,
	Adsnote = {Provided by the SAO/NASA Astrophysics Data System},
	Adsurl = {http://adsabs.harvard.edu/abs/1989ApJ...337..209W},
	Author = {{Walsh}, D.~E.~P. and {Knapp}, G.~R. and {Wrobel}, J.~M. and {Kim}, D.-W.},
	Doi = {10.1086/167098},
	Journal = {\apj},
	Keywords = {GALACTIC NUCLEI, INFRARED SOURCES (ASTRONOMY), INTERSTELLAR MATTER, RADIO GALAXIES, STAR FORMATION, ELLIPTICAL GALAXIES, FAR INFRARED RADIATION, RADIO EMISSION, SPIRAL GALAXIES},
	Month = feb,
	Pages = {209-229},
	Title = {{Interstellar matter in early-type galaxies. III - Radio emission and star formation}},
	Volume = 337,
	Year = 1989,
	Bdsk-Url-1 = {http://dx.doi.org/10.1086/167098}}

@article{2010ApJ...714..571W,
	Adsnote = {Provided by the SAO/NASA Astrophysics Data System},
	Adsurl = {http://adsabs.harvard.edu/abs/2010ApJ...714..571W},
	Archiveprefix = {arXiv},
	Author = {{Warren}, B.~E. and {Wilson}, C.~D. and {Israel}, F.~P. and {Serjeant}, S. and {Bendo}, G.~J. and {Brinks}, E. and {Clements}, D.~L. and {Irwin}, J.~A. and {Knapen}, J.~H. and {Leech}, J. and {Matthews}, H.~E. and {M{\"u}hle}, S. and {Mortimer}, A.~M.~J. and {Petitpas}, G. and {Sinukoff}, E. and {Spekkens}, K. and {Tan}, B.~K. and {Tilanus}, R.~P.~J. and {Usero}, A. and {van der Werf}, P.~P. and {Vlahakis}, C. and {Wiegert}, T. and {Zhu}, M.},
	Doi = {10.1088/0004-637X/714/1/571},
	Eprint = {1003.1751},
	Journal = {\apj},
	Keywords = {galaxies: individual: NGC 628 NGC 3521 NGC 3627, galaxies: ISM, galaxies: kinematics and dynamics, galaxies: spiral, galaxies: star formation, ISM: molecules},
	Month = may,
	Pages = {571-588},
	Primaryclass = {astro-ph.CO},
	Title = {{The James Clerk Maxwell Telescope Nearby Galaxies Legacy Survey. II. Warm Molecular Gas and Star Formation in Three Field Spiral Galaxies}},
	Volume = 714,
	Year = 2010,
	Bdsk-Url-1 = {http://dx.doi.org/10.1088/0004-637X/714/1/571}}

@article{2008A&A...490...77W,
	Adsnote = {Provided by the SAO/NASA Astrophysics Data System},
	Adsurl = {http://adsabs.harvard.edu/abs/2008A%26A...490...77W},
	Archiveprefix = {arXiv},
	Author = {{Wei{\ss}}, A. and {Kov{\'a}cs}, A. and {G{\"u}sten}, R. and {Menten}, K.~M. and {Schuller}, F. and {Siringo}, G. and {Kreysa}, E.},
	Doi = {10.1051/0004-6361:200809909},
	Eprint = {0808.3358},
	Journal = {\aap},
	Keywords = {galaxies: starburst, galaxies: ISM, galaxies: jets, ISM: dust, extinction, radio continuum: ISM, infrared: ISM},
	Month = oct,
	Pages = {77-86},
	Title = {{LABOCA observations of nearby, active galaxies}},
	Volume = 490,
	Year = 2008,
	Bdsk-Url-1 = {http://dx.doi.org/10.1051/0004-6361:200809909}}

@article{2003ApJ...584..260W,
	Adsnote = {Provided by the SAO/NASA Astrophysics Data System},
	Adsurl = {http://adsabs.harvard.edu/abs/2003ApJ...584..260W},
	Author = {{Welch}, G.~A. and {Sage}, L.~J.},
	Doi = {10.1086/345537},
	Eprint = {arXiv:astro-ph/0210337},
	Journal = {\apj},
	Keywords = {Galaxies: Elliptical and Lenticular, cD, Galaxies: Evolution, Galaxies: ISM},
	Month = feb,
	Pages = {260-277},
	Title = {{The Cool Interstellar Medium in S0 Galaxies. I. A Survey of Molecular Gas}},
	Volume = 584,
	Year = 2003,
	Bdsk-Url-1 = {http://dx.doi.org/10.1086/345537}}

@article{2010ApJ...725..100W,
	Adsnote = {Provided by the SAO/NASA Astrophysics Data System},
	Adsurl = {http://adsabs.harvard.edu/abs/2010ApJ...725..100W},
	Archiveprefix = {arXiv},
	Author = {{Welch}, G.~A. and {Sage}, L.~J. and {Young}, L.~M.},
	Doi = {10.1088/0004-637X/725/1/100},
	Eprint = {1009.5259},
	Journal = {\apj},
	Keywords = {galaxies: elliptical and lenticular, cD, galaxies: ISM},
	Month = dec,
	Pages = {100-114},
	Primaryclass = {astro-ph.CO},
	Title = {{The Cool Interstellar Medium in Elliptical Galaxies. II. Gas Content in the Volume-limited Sample and Results from the Combined Elliptical and Lenticular Surveys}},
	Volume = 725,
	Year = 2010,
	Bdsk-Url-1 = {http://dx.doi.org/10.1088/0004-637X/725/1/100}}

@article{2006A&A...459..353W,
	Adsnote = {Provided by the SAO/NASA Astrophysics Data System},
	Adsurl = {http://adsabs.harvard.edu/abs/2006A%26A...459..353W},
	Author = {{Werner}, N. and {B{\"o}hringer}, H. and {Kaastra}, J.~S. and {de Plaa}, J. and {Simionescu}, A. and {Vink}, J.},
	Doi = {10.1051/0004-6361:20065678},
	Eprint = {arXiv:astro-ph/0608177},
	Journal = {\aap},
	Keywords = {galaxies: individual: M 87, galaxies: intergalactic medium, galaxies: ISM, galaxies: abundances, cooling flows, X-rays: galaxies: clusters},
	Month = nov,
	Pages = {353-360},
	Title = {{XMM-Newton high-resolution spectroscopy reveals the chemical evolution of M 87}},
	Volume = 459,
	Year = 2006,
	Bdsk-Url-1 = {http://dx.doi.org/10.1051/0004-6361:20065678}}

@article{1995A&A...297..643W,
	Adsnote = {Provided by the SAO/NASA Astrophysics Data System},
	Adsurl = {http://adsabs.harvard.edu/abs/1995A%26A...297..643W},
	Author = {{Wiklind}, T. and {Combes}, F. and {Henkel}, C.},
	Journal = {\aap},
	Keywords = {GALAXIES: ELLIPTICAL AND LENTICULAR, CD, GALAXIES: ISM, RADIO LINES: GALAXIES, INFRARED GALAXIES},
	Month = may,
	Pages = {643-+},
	Title = {{The molecular cloud content of early-type galaxies. V. CO in elliptical galaxies.}},
	Volume = 297,
	Year = 1995}

@article{1995ApJ...448L..97W,
	Adsnote = {Provided by the SAO/NASA Astrophysics Data System},
	Adsurl = {http://adsabs.harvard.edu/abs/1995ApJ...448L..97W},
	Author = {{Wilson}, C.~D.},
	Doi = {10.1086/309615},
	Eprint = {arXiv:astro-ph/9506103},
	Journal = {\apjl},
	Keywords = {ISM: MOLECULES, GALAXIES: LOCAL GROUP, GALAXIES: ISM, GALAXIES: INDIVIDUAL ALPHANUMERIC: IC 10, GALAXIES: INDIVIDUAL MESSIER NUMBER: M31, GALAXIES: INDIVIDUAL MESSIER NUMBER: M33, GALAXIES: INDIVIDUAL NGC NUMBER: NGC 6822},
	Month = aug,
	Pages = {L97+},
	Title = {{The Metallicity Dependence of the CO-to-H 2 Conversion Factor from Observations of Local Group Galaxies}},
	Volume = 448,
	Year = 1995,
	Bdsk-Url-1 = {http://dx.doi.org/10.1086/309615}}

@article{2008ApJS..178..189W,
	Adsnote = {Provided by the SAO/NASA Astrophysics Data System},
	Adsurl = {http://adsabs.harvard.edu/abs/2008ApJS..178..189W},
	Archiveprefix = {arXiv},
	Author = {{Wilson}, C.~D. and {Petitpas}, G.~R. and {Iono}, D. and {Baker}, A.~J. and {Peck}, A.~B. and {Krips}, M. and {Warren}, B. and {Golding}, J. and {Atkinson}, A. and {Armus}, L. and {Cox}, T.~J. and {Ho}, P. and {Juvela}, M. and {Matsushita}, S. and {Mihos}, J.~C. and {Pihlstrom}, Y. and {Yun}, M.~S.},
	Doi = {10.1086/590910},
	Eprint = {0806.3002},
	Journal = {\apjs},
	Keywords = {galaxies: individual (Arp 55), Galaxies: Individual: Name: Arp 193, Galaxies: Individual: Name: Arp 299, galaxies: individual (IRAS 10565+2448), Galaxies: Individual: Alphanumeric: IRAS 17208-0014, galaxies: individual (Mrk 231), galaxies: individual (Mrk 273), Galaxies: Individual: NGC Number: NGC 1614, Galaxies: Individual: NGC Number: NGC 2623, Galaxies: Individual: NGC Number: NGC 5331, galaxies: individual (NGC 5257), galaxies: individual (NGC 5258), Galaxies: Individual: NGC Number: NGC 6240, Galaxies: Individual: Alphanumeric: UGC 5101, Galaxies: Individual: Alphanumeric: VV 114, Infrared: Galaxies},
	Month = oct,
	Pages = {189-224},
	Title = {{Luminous Infrared Galaxies with the Submillimeter Array. I. Survey Overview and the Central Gas to Dust Ratio}},
	Volume = 178,
	Year = 2008,
	Bdsk-Url-1 = {http://dx.doi.org/10.1086/590910}}

@article{2009ApJ...693.1736W,
	Adsnote = {Provided by the SAO/NASA Astrophysics Data System},
	Adsurl = {http://adsabs.harvard.edu/abs/2009ApJ...693.1736W},
	Archiveprefix = {arXiv},
	Author = {{Wilson}, C.~D. and others},
	Doi = {10.1088/0004-637X/693/2/1736},
	Eprint = {0812.1718},
	Journal = {\apj},
	Keywords = {galaxies: clusters: individual: Virgo, galaxies: individual: NGC 4254 NGC 4321 NGC 4569 NGC 4579, galaxies: ISM, galaxies: spiral, ISM: molecules, stars: formation},
	Month = mar,
	Pages = {1736-1748},
	Title = {{The James Clerk Maxwell Telescope Nearby Galaxies Legacy Survey. I. Star-Forming Molecular Gas in Virgo Cluster Spiral Galaxies}},
	Volume = 693,
	Year = 2009,
	Bdsk-Url-1 = {http://dx.doi.org/10.1088/0004-637X/693/2/1736}}

@article{1991AJ....101..148W,
	Adsnote = {Provided by the SAO/NASA Astrophysics Data System},
	Adsurl = {http://adsabs.harvard.edu/abs/1991AJ....101..148W},
	Author = {{Wrobel}, J.~M. and {Heeschen}, D.~S.},
	Doi = {10.1086/115674},
	Journal = {\aj},
	Keywords = {ACTIVE GALACTIC NUCLEI, ELLIPTICAL GALAXIES, RADIO SOURCES (ASTRONOMY), STAR FORMATION, BRIGHTNESS DISTRIBUTION, CHARGE COUPLED DEVICES, EMISSION SPECTRA, INTERSTELLAR GAS, VARIABILITY, VERY LARGE ARRAY (VLA)},
	Month = jan,
	Pages = {148-169},
	Title = {{Radio-continuum sources in nearby and bright E/S0 galaxies - Active nuclei versus star formation}},
	Volume = 101,
	Year = 1991,
	Bdsk-Url-1 = {http://dx.doi.org/10.1086/115674}}

@article{2004A&A...416...41X,
	Adsnote = {Provided by the SAO/NASA Astrophysics Data System},
	Adsurl = {http://adsabs.harvard.edu/abs/2004A%26A...416...41X},
	Author = {{Xilouris}, E.~M. and {Madden}, S.~C. and {Galliano}, F. and {Vigroux}, L. and {Sauvage}, M.},
	Doi = {10.1051/0004-6361:20034020},
	Eprint = {arXiv:astro-ph/0312029},
	Journal = {\aap},
	Keywords = {ISM: dust, extinction, galaxies: elliptical and lenticular, cD, galaxies: ISM, infrared: galaxies, infrared: ISM},
	Month = mar,
	Pages = {41-55},
	Title = {{Dust emission in early-type galaxies: The mid-infrared view}},
	Volume = 416,
	Year = 2004,
	Bdsk-Url-1 = {http://dx.doi.org/10.1051/0004-6361:20034020}}

@article{2000AJ....120.2460Y,
	Adsnote = {Provided by the SAO/NASA Astrophysics Data System},
	Adsurl = {http://adsabs.harvard.edu/abs/2000AJ....120.2460Y},
	Author = {{Young}, L.~M.},
	Doi = {10.1086/316806},
	Eprint = {arXiv:astro-ph/0007169},
	Journal = {\aj},
	Keywords = {Galaxies: Elliptical and Lenticular, cD, Galaxies: Individual: NGC Number: NGC 205, Galaxies: ISM, ISM: Molecules, ISM: Structure, Galaxies: Local Group},
	Month = nov,
	Pages = {2460-2470},
	Title = {{Properties of the Molecular Clouds in NGC 205}},
	Volume = 120,
	Year = 2000,
	Bdsk-Url-1 = {http://dx.doi.org/10.1086/316806}}

@article{2005ApJ...634..258Y,
	Adsnote = {Provided by the SAO/NASA Astrophysics Data System},
	Adsurl = {http://adsabs.harvard.edu/abs/2005ApJ...634..258Y},
	Author = {{Young}, L.~M.},
	Doi = {10.1086/491728},
	Eprint = {arXiv:astro-ph/0508330},
	Journal = {\apj},
	Keywords = {Galaxies: Elliptical and Lenticular, cD, galaxies: individual (NGC 83), galaxies: individual (NGC 2320), galaxies: individual (NGC 5838), Galaxies: ISM, Galaxies: Kinematics and Dynamics},
	Month = nov,
	Pages = {258-271},
	Title = {{Molecular Disks in the Elliptical Galaxies NGC 83 and NGC 2320}},
	Volume = 634,
	Year = 2005,
	Bdsk-Url-1 = {http://dx.doi.org/10.1086/491728}}

@article{2009AJ....137.3053Y,
	Adsnote = {Provided by the SAO/NASA Astrophysics Data System},
	Adsurl = {http://adsabs.harvard.edu/abs/2009AJ....137.3053Y},
	Archiveprefix = {arXiv},
	Author = {{Young}, L.~M. and {Bendo}, G.~J. and {Lucero}, D.~M.},
	Doi = {10.1088/0004-6256/137/2/3053},
	Eprint = {0811.1381},
	Journal = {\aj},
	Keywords = {galaxies: elliptical and lenticular, cD, galaxies: individual: UGC 1503 NGC 0807 NGC 2320 NGC 3032 NGC 3656 NGC 4459 NGC 4476 NGC 4526 NGC 5666, galaxies: ISM},
	Month = feb,
	Pages = {3053-3070},
	Title = {{Mid- to Far-Infrared Emission and Star Formation in Early-Type Galaxies}},
	Volume = 137,
	Year = 2009,
	Bdsk-Url-1 = {http://dx.doi.org/10.1088/0004-6256/137/2/3053}}

@article{2011MNRAS.414..940Y,
	Adsnote = {Provided by the SAO/NASA Astrophysics Data System},
	Adsurl = {http://adsabs.harvard.edu/abs/2011MNRAS.414..940Y},
	Archiveprefix = {arXiv},
	Author = {{Young}, L.~M. and others},
	Doi = {10.1111/j.1365-2966.2011.18561.x},
	Eprint = {1102.4633},
	Journal = {\mnras},
	Keywords = {galaxies: elliptical and lenticular, cD, galaxies: evolution, galaxies: ISM, galaxies: structure, radio lines: galaxies},
	Month = jun,
	Pages = {940-967},
	Primaryclass = {astro-ph.CO},
	Title = {{The ATLAS^{3D} project - IV. The molecular gas content of early-type galaxies}},
	Volume = 414,
	Year = 2011,
	Bdsk-Url-1 = {http://dx.doi.org/10.1111/j.1365-2966.2011.18561.x}}

@article{2008A&A...487..177Z,
	Adsnote = {Provided by the SAO/NASA Astrophysics Data System},
	Adsurl = {http://adsabs.harvard.edu/abs/2008A%26A...487..177Z},
	Archiveprefix = {arXiv},
	Author = {{Zhang}, Y. and {Gu}, Q.-S. and {Ho}, L.~C.},
	Doi = {10.1051/0004-6361:200809660},
	Eprint = {0806.2189},
	Journal = {\aap},
	Keywords = {galaxies: elliptical and lenticular, cD, galaxies: active, galaxies: stellar content},
	Month = aug,
	Pages = {177-183},
	Title = {{Stellar and dust properties of local elliptical galaxies: clues to the onset of nuclear activity}},
	Volume = 487,
	Year = 2008,
	Bdsk-Url-1 = {http://dx.doi.org/10.1051/0004-6361:200809660}}

@article{2004ApJS..152..211Z,
	Adsnote = {Provided by the SAO/NASA Astrophysics Data System},
	Adsurl = {http://adsabs.harvard.edu/abs/2004ApJS..152..211Z},
	Author = {{Zubko}, V. and {Dwek}, E. and {Arendt}, R.~G.},
	Doi = {10.1086/382351},
	Eprint = {arXiv:astro-ph/0312641},
	Journal = {\apjs},
	Keywords = {ISM: Dust, Extinction, Infrared: ISM, ISM: Abundances, Ultraviolet: ISM},
	Month = jun,
	Pages = {211-249},
	Title = {{Interstellar Dust Models Consistent with Extinction, Emission, and Abundance Constraints}},
	Volume = 152,
	Year = 2004,
	Bdsk-Url-1 = {http://dx.doi.org/10.1086/382351}}
